2002 3073
621 209 714 259 AD
751 206 1059 260 TABULAM
1096 205 1365 257 PRiMAM.
1668 223 1733 274 27

221 313 400 363 pianum,
434 323 480 350 ex
507 310 680 360 Affefflire
694 313 841 361 semper
858 310 948 360 fita,
986 309 1090 356 causti
1101 308 1279 357 justitiae
1293 307 1515 359 singularis.
1546 307 1676 357 ,Quum
1702 323 1770 347 au-

229 379 304 407 tem
328 372 491 407 alterum
515 369 685 406 adhibuit
702 396 714 416 ‚
739 377 776 405 et
802 368 997 418 Ulpianum
1021 368 1155 417 rogari
1169 367 1291 415 juffi't.
1334 365 1462 404 Antea
1485 361 1589 403 idem
1615 363 1767 417 scripse—

230 438 289 464 rat
315 440 396 480 cap.
418 428 479 465 26.
512 427 751 474 Consiliarius
775 426 1009 474 Alexandri,
1034 434 1071 462 et
1097 424 1282 474 Magister
1307 424 1534 462 Scriniorum
1549 422 1661 472 fuiffl‘
1677 434 1771 474 per-

230 485 380 523 hibetur
402 485 592 535 Ulpianus.
638 481 690 521 Et
715 496 796 536 cap.
827 495 886 530 15.
924 482 1090 533 Negotia
1128 490 1166 520 et
1196 483 1322 529 caulas
1338 484 1453 532 prius
1488 496 1510 520 a
1543 480 1771 520 Scriniorum

230 544 464 594 Principibus
479 570 490 591 ,
528 551 564 580 et
590 543 802 591 doctiffintis
825 541 1072 591 Jurisperitis
1087 568 1098 589 ,
1123 549 1160 578 et
1173 539 1251 587 sthi
1266 540 1449 585 fidelibus
1463 567 1476 590 ‚
1511 552 1665 590 quorum
1684 540 1771 591 pri-

231 614 313 638 mus
337 609 422 638 tunc
444 601 622 653 Ulpianus
638 599 722 646 fuit
747 628 761 650 ‚
794 599 958 637 trablari
982 598 1248 649 ordinarique,
1282 606 1396 648 atque
1418 601 1476 635 ita
1499 595 1640 642 referri
1666 599 1714 636 ad
1727 598 1771 647 J&

257 668 432 708 raecepzt.

222 669 252 710 p
352 714 471 755 Versu
502 717 564 767 38.
592 716 780 754 Vicarimn
800 715 914 752 etiam
939 712 1085 766 meum.)
1118 715 1234 751 Sacra
1262 713 1346 751 Vice
1369 710 1520 752 Aerarii
1551 722 1591 752 et
1620 710 1771 752 Acade*

232 773 332 812 miae
359 772 720 812 Administratorem
742 771 834 811 alias
856 770 1026 820 diceres,
1061 785 1106 811 ex
1131 768 1253 824 phrafi
1276 769 1456 822 antiquae
1479 769 1604 810 Aulae
1630 768 1770 809 Caesa-

235 845 331 870 reae.
363 829 426 870 Sic
452 832 490 870 iu
515 829 622 885 Lege
653 833 713 870 16.
737 828 840 869 Cod.
866 828 905 868 T
909 827 1062 869 heodos.
1086 831 1146 868 De
1170 830 1521 880 Appellationibus,
1546 830 1661 867 Sacra
1687 828 1772 867 Vice

222 891 402 940 judicare
438 888 579 928 dicitur
611 886 826 928 Praefec‘tus
852 887 1051 927 Praetorii.
1094 885 1146 926 Et
1170 886 1209 924 iu
1236 886 1356 926 veteri
1382 884 1632 939 Inscriptioue
1668 883 1772 939 apud

233 945 465 986 Gutherium
490 949 549 986 De
576 947 719 996 Officiis
743 948 886 985 Domus
909 947 1096 998 Augustae
1120 973 1132 995 ,
1168 943 1256 982 Lib.
1286 956 1308 982 1.
1348 957 1430 997 cap.
1459 957 1521 994 25.
1556 941 1770 995 JULIUS.

233 1002 530 1044 NEMESIUS.
574 1002 998 1044 NOMENTANUS.
1044 1002 1103 1043 Μ.
1141 1000 1372 1042 AURELI.
1414 999 1526 1042 IMP.
1568 999 1772 1042 SACRA.

236 1061 272 1103 V
276 1060 381 1102 ICE.
413 1059 723 1102 BAETICAM.
756 1060 1008 1101 GUBERN.

401 1175 634 1218 NOTAE
673 1176 765 1218 AD
807 1174 1155 1218 TABULAM
1196 1173 1611 1216 SECUNDAM.

369 1291 464 1334 Ersu
481 1310 517 1343 7.
543 1296 714 1333 Omnium
717 1295 962 1346 flagitiorum
976 1294 1148 1332 dedecore
1159 1290 1377 1344 coopertos.)
1403 1290 1466 1332 Sic
1478 1290 1692 1332 Curionem
1707 1291 1774 1337 fa-

370 1354 554 1390 cinoribus
580 1363 788 1403 coopertum
813 1351 910 1390 dixit
933 1349 1126 1390 Sallustius
1152 1350 1192 1388 in
1218 1348 1404 1391 Catilina.
1448 1348 1584 1390 Alium
1617 1348 1774 1395 nefariis

224 1411 433 1460 sceleribus
456 1419 667 1460 coopertum
691 1409 834 1448 Cicero
859 1411 898 1448 in
920 1409 1106 1449 Verrinis.

360 1464 482 1506 Versu
512 1479 572 1505 10.
597 1468 640 1505 In
664 1468 820 1505 Italiam
844 1467 982 1517 abegi.)
1013 1465 1215 1519 Proprium
1232 1466 1389 1505 verbum
1404 1494 1416 1517 ‚
1442 1463 1507 1504 ubi
1534 1463 1638 1519 quod
1663 1465 1775 1505 nobis

240 1524 405 1564 maxime
429 1522 480 1562 est
505 1522 681 1562 odiosum
703 1536 768 1563 aut
791 1522 1011 1572 molestum,
1036 1523 1300 1576 propellimus.
1331 1523 1393 1563 Sic
1420 1523 1604 1563 Ciceroni
1627 1522 1714 1562 Lib.
1739 1535 1773 1562 11.

239 1584 302 1622 De
328 1584 516 1630 Oratore,
541 1594 623 1633 cap.
642 1583 704 1620 66.
736 1584 904 1633 Abigere
926 1583 1077 1629 muscas.
1108 1579 1294 1620 Suetonio
1319 1582 1358 1620 in
1376 1580 1585 1636 Caligula,
1612 1594 1694 1635 cap.
1709 1583 1773 1621 26.

240 1641 407 1688 Fastibus
430 1652 550 1677 omnes
572 1640 735 1689 abigere.

364 1694 485 1736 Versu
513 1710 575 1734 22.
612 1696 694 1735 Non
713 1707 787 1748 pro
811 1697 999 1748 dignitate
1024 1695 1139 1746 Regii
1164 1697 1345 1735 Oratoris
1369 1696 1584 1748 habuerit.)
1627 1697 1776 1736 Habere

242 1755 305 1795 hic
329 1752 379 1794 cst
405 1756 584 1793 trac‘lare.
608 1751 814 1793 Terentius
828 1754 865 1792 in
879 1752 1059 1804 Hecyra:
1082 1752 1294 1803 Numquam
1307 1757 1415 1803 secus
1439 1756 1552 1792 habui
1576 1757 1707 1804 illam,
1732 1768 1776 1792 ac

232 1815 273 1862 fi
293 1827 339 1852 ex
365 1826 420 1850 me
442 1822 531 1850 nata
555 1814 657 1859 estet.
691 1811 852 1852 Curtius
879 1809 927 1851 de
940 1808 1160 1850 Alexandro
1174 1809 1288 1849 Darii
1310 1807 1477 1849 vistore:
1503 1812 1682 1863 Virgines
1702 1812 1777 1850 Re-

240 1875 330 1923 gias
354 1880 433 1908 tam
446 1871 571 1919 fhnc'le
593 1871 735 1909 habuit.
765 1868 950 1909 Similiter
965 1880 1039 1921 pro
1062 1870 1250 1920 dignitate
1275 1866 1379 1907 idem
1403 1867 1478 1918 est,
1506 1882 1548 1908 ac
1570 1878 1686 1921 prout
1710 1867 1778 1907 ali-

243 1928 350 1980 cujus
375 1926 545 1981 dignitas
573 1926 746 1980 postulat.
777 1926 839 1966 Sic
862 1926 1065 1967 Suetonius
1090 1926 1130 1965 in
1153 1924 1327 1980 Augusto
1352 1939 1434 1979 cap.
1465 1928 1528 1977 38.
1552 1927 1688 1964 Urbem
1711 1940 1779 1965 non

237 1997 312 2039 pro
337 1988 527 2038 dignitate
550 1995 721 2024 ornatam
743 1983 850 2024 dixit.
881 1983 943 2024 Sic
966 1995 1075 2024 vetus
1100 1982 1219 2036 Lapis
1243 1981 1347 2037 apud
1363 1982 1573 2022 Gruterum
1600 1994 1724 2022 CXLIX.
1740 1998 1778 2033 4.

245 2046 359 2085 Viam
385 2046 517 2082 multis
541 2045 631 2081 locis
645 2045 890 2095 intermistam
914 2039 1042 2081 PRO.
1067 2039 1404 2081 DIGNITATE.
1418 2039 1651 2079 IMPERII.
1667 2038 1778 2080 P.R.

245 2105 420 2143 latiorem
433 2103 708 2152 longioremque
712 2101 857 2147 saliam
881 2109 1167 2140 commemorat.
1199 2097 1262 2137 Sic
1275 2108 1385 2137 vetus
1399 2096 1602 2151 Inscriptio
1615 2097 1653 2135 in
1666 2096 1779 2150 Sym-

246 2159 372 2199 machi
400 2156 583 2198 Praefcffl
609 2158 795 2197 honorem
821 2157 937 2212 polita
961 2156 1064 2211 apud
1080 2156 1286 2208 Juretum:
1310 2153 1427 2195 PRO
1451 2152 1778 2195 DIGNITATE

245 2215 432 2257 TANTI
469 2214 710 2256 ORDlle
749 2212 1220 2257 MAGNITUDINEM
1255 2212 1395 2253 LOCI
1424 2210 1553 2264 EJUS
1587 2210 1779 2252 IMPLE-

366 2330 488 2372 Versu
512 2348 575 2381 71.
602 2334 690 2384 ,Quo
706 2334 862 2384 publica
887 2336 1037 2385 negotia
1059 2342 1172 2371 extra
1195 2333 1358 2370 ordinem
1383 2329 1522 2376 referri
1529 2328 1679 2381 solent.)
1705 2325 1780 2367 Pu-

247 2388 346 2428 blica
370 2389 543 2444 Negotia
558 2418 570 2438 ‚
592 2402 631 2430 et
657 2389 812 2430 Publica
838 2389 1006 2430 Consilia
1030 2389 1163 2430 dicunt
1186 2388 1342 2439 Latini,
1366 2401 1462 2441 quae
1485 2400 1555 2426 nos
1577 2385 1697 2440 vulgo
1720 2383 1779 2425 di-

248 2447 369 2486 cimus
381 2447 554 2502 Negotia
569 2447 699 2488 Status
714 2477 725 2498 ‚
749 2460 788 2488 et
802 2446 968 2489 Confilia
982 2447 1123 2488 Status.
1156 2446 1360 2487 Suetonius
1387 2445 1426 2484 in
1439 2443 1604 2484 Tiberio
1628 2456 1736 2497 cap.5
1743 2456 1779 2493 5.

248 2507 401 2558 Viginti
414 2506 487 2556 fibi
510 2520 687 2547 enumero
699 2509 911 2560 Principum
936 2509 1108 2548 civitatis
1122 2506 1398 2561 depopofterat‚
1419 2505 1540 2544 veluti
1553 2503 1781 2553 consiliarios

1715 2573 1752 2600 m
