2002 3073
679 260 929 310 STATUA
980 257 1275 310 VocAL1S.
1646 281 1701 313 11

209 356 444 408 STITUI
489 357 862 424 QUATUOR.
930 356 1220 406 PRIMAM
1275 353 1584 405 OMNIUM
1638 357 1740 408 PA-

208 439 596 491 RAHENSEM
623 440 710 489 ET
734 439 1247 490 MARANONIAM
1275 438 1485 489 ANNO
1511 438 1743 491 MDCC-

206 523 311 574 ΙΝ.
346 523 423 574 ΙΝ
449 524 661 591 QUAM
678 523 1133 590 JRSUITARUM
1156 522 1555 574 INSTJNCTU
1580 523 1742 574 VER-

205 606 299 655 ΒΟ
342 607 431 657 ET
469 606 769 658 SCRIPTO
811 606 1100 657 TEMERE
1136 606 1494 658 INVECTOS
1532 605 1742 674 QUOS-

206 691 256 740 D
262 691 401 753 AM,
433 690 828 741 ASPERRIME
857 688 1281 738 INGREPITOS
1310 690 1537 740 Elelo
1565 691 1743 741 MUL-

203 774 390 825 ΤΑἮ
445 772 791 825 ALTERAM
822 771 1445 823 PORTUCALENSEM
1477 773 1618 823 PRO
1649 774 1744 823 v1

203 857 318 907 NIS
353 856 557 908 DURII
588 855 996 906 SUPERIORIS
1033 854 1242 906 ΑΝΝΟ
1277 854 1618 908 MDCCLVI.
1663 855 1743 906 IN

204 941 421 1008 QUAM
468 941 687 1008 QUUM
731 939 957 989 ETIAM
1001 939 1299 1006 JESUITIS
1343 939 1744 990 AGENTIBUS

203 1025 575 1076 GRAVITER
616 1022 1130 1074 TUMULTUATA
1180 1022 1456 1073 FUISSET
1515 1023 1742 1072 PLEBE-

204 1109 395 1158 CULA
425 1145 440 1168 ‚
487 1107 691 1157 Mlsso
722 1105 849 1173 QUI
879 1105 956 1156 IN
987 1106 1387 1157 SEDITIOSOS
1418 1105 1744 1173 INQUIRE-

202 1191 346 1241 ΒΗΤ
366 1190 653 1257 JOANNE
684 1188 1007 1239 PACCECO
1039 1189 1335 1239 PERERIA
1366 1189 1742 1239 SENATORE

202 1273 612 1334 PALAT1N0‚
660 1272 954 1322 MULTOS
1001 1272 1436 1323 VERBERIBUS
1482 1273 1570 1323 ET
1613 1272 1742 1322 EXI-

202 1357 355 1417 mo,
400 1357 695 1406 MULTOS
725 1356 1053 1406 CAPITALI
1084 1355 1442 1406 SUPPLICIO
1474 1354 1739 1407 ADFECI.

201 1438 534 1489 TERTIAM
566 1438 1227 1490 PERNAMBUCANAM
1263 1439 1476 1490 ANNO
1509 1439 1743 1489 Mocc-

202 1523 356 1573 Lvn.
402 1520 769 1588 QUARTAM
814 1520 1200 1571 PISCARIAM
1242 1522 1321 1573 IN
1367 1521 1742 1573 ALGARBHS

202 1606 415 1658 ΑΝΝΟ
447 1602 882 1654 MDCCLXXIII.

341 1687 440 1739 AD
482 1686 668 1736 HAEC
713 1684 1225 1738 COMMERCIUM
1269 1688 1742 1739 ANGOLANUM

201 1769 689 1825 NEGLIGENTIA
755 1769 844 1819 ET
900 1769 1249 1818 AVARITIA
1314 1771 1743 1821 PRAEFECTO-

201 1855 372 1906 RUM
416 1852 672 1904 MISERF,
715 1851 1292 1902 LABEFACTATUM
1329 1852 1581 1904 DENUO
1615 1855 1742 1904 OR-

201 1936 470 1990 DINAVI.
525 1935 913 1986 ONERARIIS
957 1936 1056 1986 AD
1102 1935 1498 2002 QUAESTUM
1540 1935 1742 1986 NAVI-

202 2022 331 2072 BUS
376 2019 695 2069 LIBERUM
739 2018 1223 2070 COMMEATUM
1267 2018 1522 2086 QUAVIS
1554 2019 1742 2069 ANNI

202 2103 662 2154 TEMPESTATE
705 2102 851 2153 ESSE
881 2103 1076 2171 jUSSI.
1142 2101 1741 2152 NEGOTIATORUM

203 2186 590 2247 ORDINEM,
660 2186 754 2236 NE
804 2186 882 2237 IN
926 2185 1255 2237 SORDIDIS
1305 2182 1739 2235 HABERETUR

204 2270 695 2331 MERCATURA,
720 2270 953 2321 VARns
983 2267 1499 2320 INGENUITATIS
1526 2265 1739 2316 INSIG-

205 2353 414 2403 NxssUS
455 2354 542 2402 ET
574 2353 1004 2404 AMPLISSIMIS
1040 2351 1447 2402 PRIVILEGIIS
1484 2348 1740 2399 HONES-

205 2436 390 2486 TAVI.
429 2437 783 2504 QUOSDAM
816 2436 898 2485 Ex
923 2437 1029 2487 HIS
1059 2434 1285 2485 ETIAM
1312 2431 1737 2484 TOPARCHIIS

204 2518 294 2568 ET
337 2519 625 2570 ARCIUM
675 2518 1197 2571 PRAEFECTURIS
1254 2513 1738 2570 SPLENDIDISSI-

268 2634 271 2637 ,
1580 2598 1702 2650 MlS
