2002 3073
300 205 360 253 ³28
917 193 1135 247 NOTAE

263 306 300 340 in
314 296 656 354 negotiispublicis.
681 293 874 351 Augustus
894 295 932 334 in
947 295 1204 335 Monumento
1219 291 1448 344 Ancyrano:
1474 289 1545 331 EX
1571 289 1657 330 EO.
1681 291 1788 334 DIE,

260 359 400 408 QUO.
430 353 708 397 DEDUCTI.
729 352 895 394 SUNT.
922 353 994 393 IN.
1016 351 1237 392 FORUM.
1264 349 1357 390 UT.
1382 348 1787 391 INTERESSENT.

261 412 552 457 CONSILIIS.
578 411 841 452 PUBLICIS.
869 409 1179 450 DECREVIT.
1203 407 1470 449 SENATUS.
1513 407 1705 461 Loquitur
1741 407 1789 447 de

261 473 410 513 duobus
434 470 656 525 Nepotibus
680 469 783 509 Caio
807 481 846 509 et
870 467 1004 507 Lucio.

379 528 502 569 Versu
527 545 591 581 73.
615 529 863 577 Difficillimis
886 527 1112 578 temporibus
1136 527 1396 573 restituendum
1420 524 1557 575 ratus.)
1583 522 1789 564 Occasione

261 588 404 641 ‘quippe
431 586 671 640 expulsorum
688 585 924 637 Jesuitarum
949 613 961 633 ,
996 583 1150 636 natique
1182 583 1268 622 inde
1303 597 1386 622 cum
1414 582 1605 621 Romanis
1628 580 1788 631 dissidii,

260 647 392 701 gravia
421 660 462 685 ac
489 643 673 684 salebrosa
698 643 816 682 multa
841 640 995 681 trafihri
1019 641 1273 680 communiter
1299 641 1513 694 oportebat.

381 702 500 743 Versu
527 716 590 751 75.
625 703 802 752 ‚Quinque
830 703 967 738 omnino
992 714 1030 738 eo
1055 699 1219 751 adlegi.)
1262 699 1414 752 Viginti
1438 712 1509 751 pro
1533 698 1699 751 negotiis
1721 712 1789 752 pn-

260 760 370 800 blicis
394 762 433 800 in
456 759 649 799 consilium
673 758 736 797 fibi
780 757 987 796 adhibuisse
1009 755 1223 810 Augustum
1249 785 1260 805 ‚
1297 757 1502 795 memoriae
1527 755 1657 808 prodit
1680 756 1788 795 Dion

258 818 380 858 Libro
418 831 490 858 LVI.
536 815 726 856 Totidem
760 814 964 854 Tiberium
1001 814 1204 854 Suetonius
1239 828 1320 867 cap.
1355 828 1418 864 55.
1454 813 1578 853 Galba
1613 828 1789 868 quoque,

259 875 396 916 eodem
422 875 606 916 Suetonio
636 872 725 913 teste
759 887 841 927 cap.
871 888 930 912 10.
967 870 1126 912 adfiiffis
1161 882 1201 911 et
1236 872 1457 911 nutantibus
1490 872 1640 923 imperii
1679 871 1788 911 rebus

259 933 496 973 consulturus
511 962 523 985 ,
553 948 572 971 e
589 933 824 984 primoribus
843 933 1049 983 prudentia
1072 941 1185 981 atque
1206 941 1332 969 aetate
1346 932 1652 982 praestantibus,
1683 934 1789 969 velut

258 994 372 1039 instar
386 994 563 1042 senatus,
588 993 638 1029 ad
651 1003 740 1041 quos
755 992 798 1027 cle
811 991 949 1027 maiore
962 1003 1003 1027 re
1017 992 1161 1039 quoties
1186 999 1274 1039 opus
1288 991 1376 1037 estet
1391 1016 1402 1035 ,
1429 989 1640 1033 rzfisrretur
1653 1017 1664 1039 ,
1690 990 1788 1036 insti-

258 1051 347 1088 tuit.
380 1049 573 1102 Antiquos
600 1048 721 1101 igitur
744 1045 927 1086 Caesares
949 1076 959 1096 ‚
997 1044 1212 1098 Augustum
1238 1043 1482 1097 praesertim,
1520 1042 1706 1084 Austores
1730 1057 1789 1085 at-

257 1120 332 1160 que
359 1106 596 1146 Institutores
621 1104 736 1144 habet
760 1103 932 1143 Sanffius
953 1102 1163 1142 Consilium
1188 1101 1461 1141 hodiernorum
1475 1100 1661 1154 Regum3
1685 1102 1789 1155 quod

256 1162 296 1202 in
320 1163 545 1217 Hispaniam
573 1161 728 1217 quidem
755 1163 901 1214 primus
926 1160 1099 1200 invexisse
1127 1158 1292 1198 traditur
1317 1158 1482 1199 Carolus
1508 1160 1678 1211 Qintus
1702 1174 1713 1211 3
1750 1161 1789 1198 in

255 1219 490 1261 Lusitaniam
515 1234 605 1261 vero
630 1218 716 1259 Rex
742 1218 990 1259 Sebastianus.

378 1279 499 1320 Versu
522 1295 587 1332 97.
622 1280 729 1318 Hunc
754 1280 939 1329 Principis
963 1278 1144 1325 Berieifis
1169 1280 1281 1316 titulo
1307 1275 1518 1327 ornatum.)
1549 1273 1676 1314 Etiam
1709 1289 1791 1315 mo-

257 1349 339 1377 rem
365 1336 489 1388 hunc,
524 1350 601 1391 quo
625 1335 788 1375 Liberos
814 1346 854 1375 ct
876 1335 1053 1388 Nepotes
1079 1334 1188 1384 suos,
1220 1334 1284 1387 qui
1310 1334 1373 1372 libi
1399 1334 1436 1371 in
1462 1334 1623 1385 imperio
1650 1333 1789 1373 succes-

256 1395 329 1434 suri
353 1394 560 1435 creduntur
583 1424 594 1446 ,
631 1397 845 1446 Principum
869 1393 984 1433 titulo
1006 1406 1141 1431 ornare
1169 1391 1290 1430 solent
1316 1391 1487 1443 plerique
1511 1389 1624 1429 hodie
1648 1391 1684 1428 in
1711 1390 1789 1430 Eu-

257 1466 350 1506 ropa
375 1451 534 1507 Reges3
557 1452 746 1506 originem
772 1450 912 1490 duxisse
937 1449 1162 1490 crediderim
1190 1463 1209 1487 a
1235 1448 1355 1488 veteri
1378 1447 1478 1486 Aula
1507 1447 1788 1499 Imperatorum

254 1508 523 1550 Romanorum
539 1539 551 1562 ,
576 1510 613 1548 in
637 1524 710 1564 qua
736 1520 776 1549 et
797 1511 993 1554 Caesares,
1015 1517 1053 1546 et
1066 1509 1257 1557 Principes
1271 1507 1497 1555 Juventutis
1521 1504 1676 1543 lionoris
1699 1519 1787 1558 gra-

256 1567 311 1606 tia
342 1567 527 1621 adpellari
558 1567 729 1607 solebant
752 1565 842 1605 Filii
867 1564 928 1604 vel
952 1564 1127 1616 Nepotes
1154 1561 1362 1601 Caesarum
1387 1589 1398 1610 ,
1433 1562 1498 1614 qui
1533 1562 1629 1600 vivis
1664 1562 1788 1603 adhue

255 1623 482 1664 Parentibus
518 1634 583 1664 aut
606 1623 702 1664 Avis
727 1653 739 1674 ‚
775 1622 1006 1662 Success'ores
1042 1620 1192 1673 imperii
1230 1617 1520 1658 destinabantur.
1564 1618 1616 1658 Et
1639 1620 1787 1673 primos

256 1681 411 1736 quidem
437 1694 600 1736 utroque
624 1680 830 1720 honorario
854 1678 969 1717 titulo
994 1690 1149 1716 ornatos
1171 1676 1262 1731 lego
1277 1676 1419 1716 Caium
1443 1689 1481 1716 et
1495 1676 1657 1716 Lucium
1672 1706 1683 1728 ‚
1705 1678 1786 1719 Ne-

254 1751 367 1793 potes
390 1739 550 1794 Augusti
585 1750 630 1777 ex
656 1738 794 1777 Marco
816 1735 994 1790 Agrippa
1029 1745 1067 1775 et
1090 1734 1195 1786 Julia
1222 1764 1233 1785 ,
1268 1733 1316 1774 de
1344 1734 1481 1788 quibus
1515 1735 1553 1773 in
1582 1737 1787 1788 Ancyrano

256 1796 406 1850 {lapide
433 1797 524 1836 haec
551 1797 657 1835 Avus
683 1794 761 1849 ipse
787 1793 969 1833 adnotata
995 1792 1171 1846 reliquit:
1196 1791 1399 1831 CAIUM.
1427 1791 1512 1831 ET.
1537 1791 1784 1834 LUCIUM.

254 1853 556 1894 CAESARES.
599 1851 878 1893 HONORIS.
915 1850 1030 1891 MEI.
1066 1849 1264 1890 CAUSA.
1308 1848 1579 1889 SENATUS.
1621 1850 1785 1889 POPU-

254 1910 497 1963 LUSQUE.
535 1908 837 1950 ROMANUS.
876 1907 1183 1949 CONSULES.
1226 1906 1584 1947 DESIGNAVIT.
1627 1906 1786 1960 EQUI-

256 1966 371 2007 TES.
396 1967 603 2008 AUTEM
628 1967 878 2007 ROMANI.
906 1964 1188 2007 UNIVERSI.
1222 1964 1547 2006 PRINCIPEM.
1576 1964 1785 2015 JUVEN-

255 2024 441 2066 TUTIS.
487 2023 844 2076 UTRUMQUE.
889 2023 1114 2064 EORUM.
1167 2022 1389 2062 PARMIS.
1443 2021 1529 2061 ET.
1571 2022 1784 2064 HASTIS.

256 2081 594 2123 ARGENTEIS.
638 2081 951 2122 DONATUM.
995 2078 1501 2121 APPELLAVERUNT.
1552 2080 1614 2119 De
1651 2079 1785 2121 iisdem

255 2140 472 2181 Nummum
498 2140 718 2194 producunt
742 2138 974 2180 Torrentius
998 2150 1038 2178 et
1064 2137 1258 2177 Chisullus
1289 2139 1341 2177 ita
1366 2138 1586 2191 inscriptum
1614 2151 1623 2177 :
1663 2137 1713 2178 C.
1738 2138 1783 2178 L.

255 2197 555 2239 CAESARES.
593 2197 725 2237 AUG.
759 2197 801 2237 F.
828 2197 948 2237 COS.
985 2195 1160 2236 DESIG.
1199 2194 1387 2235 PRINC.
1414 2194 1657 2247 JUVENT.
1700 2195 1785 2235 Post

256 2257 326 2295 hos
350 2255 560 2311 Caligula,
590 2267 633 2295 ut
659 2255 775 2295 habet
801 2255 1004 2295 Suetonius
1030 2268 1111 2307 cap.
1143 2257 1201 2293 18.
1235 2256 1408 2292 Fratrem
1432 2255 1620 2292 Tiberium
1646 2255 1703 2291 die
1728 2256 1783 2292 vi-

257 2317 346 2353 rilis
370 2325 481 2366 togae
506 2317 704 2366 adoptavit
719 2343 730 2362 ,
766 2316 1045 2365 adpellavitqne
1071 2310 1384 2351 PRINCIPEM
1404 2308 1782 2361 JUVENTUTIS.

256 2371 505 2424 Capitolinus
529 2373 567 2411 in
581 2371 695 2411 Aelio
711 2372 813 2411 Vero
827 2384 835 2410 ε
859 2373 1005 2410 Nostris
1020 2372 1245 2422 temporibus
1259 2370 1281 2406 t'z
1295 2371 1417 2416 Vestra
1431 2370 1630 2406 Clementia
1658 2370 1673 2417 (
1686 2367 1783 2406 Dio-

256 2428 461 2469 cletianum
492 2428 741 2483 adloquitur)
778 2431 1035 2468 Maximianus
1058 2439 1170 2479 atque
1193 2429 1417 2474 Constantius
1441 2426 1706 2463 CAESARES
1728 2427 1784 2463 di-

257 2490 308 2524 ‹512‘
319 2491 434 2538 fitur,
460 2488 562 2538 quast
583 2490 733 2540 quidam
756 2489 968 2540 Principum
990 2488 1102 2536 Filii,
1123 2497 1167 2526 *et
1192 2487 1372 2537 dqsignati
1396 2485 1585 2536 Augustae
1609 2485 1783 2530 Maiesta-

257 2547 310 2582 tis
333 2547 505 2586 Heredes.
1659 2541 1755 2580 Ver-
