<?xml version="1.0" encoding="UTF-8"?>
<!DOCTYPE html PUBLIC "-//W3C//DTD XHTML 1.0 Transitional//EN"
    "http://www.w3.org/TR/xhtml1/DTD/xhtml1-transitional.dtd">
<html xmlns="http://www.w3.org/1999/xhtml" xml:lang="en" lang="en">
 <head>
  <title>
</title>
<meta http-equiv="Content-Type" content="text/html;charset=utf-8" />
  <meta name='ocr-system' content='tesseract 3.04.00' />
  <meta name='ocr-capabilities' content='ocr_page ocr_carea ocr_par ocr_line ocrx_word'/>
</head>
<body>
  <div class='ocr_page' id='page_1' title='image "./josephimagnanimi00figu_0045.png"; bbox 0 0 2002 3073; ppageno 0'>
   <div class='ocr_carea' id='block_1_1' title="bbox 615 213 1717 286">
    <p class='ocr_par' dir='ltr' id='par_1_1' title="bbox 615 213 1717 286">
     <span class='ocr_line' id='line_1_1' title="bbox 615 213 1717 286; baseline -0.006 -16"><span class='ocrx_word' id='word_1_1' title='bbox 615 219 707 270; x_wconf 76' lang='lat' dir='ltr'>An</span> <span class='ocrx_word' id='word_1_2' title='bbox 742 213 1366 269; x_wconf 71' lang='lat' dir='ltr'>TABULAMSEXTAM.</span> <span class='ocrx_word' id='word_1_3' title='bbox 1656 234 1717 286; x_wconf 76' lang='lat'>35</span> 
     </span>
    </p>
   </div>
   <div class='ocr_carea' id='block_1_2' title="bbox 225 313 1773 2609">
    <p class='ocr_par' dir='ltr' id='par_1_2' title="bbox 225 313 1757 491">
     <span class='ocr_line' id='line_1_2' title="bbox 225 313 1755 373; baseline -0.003 -12"><span class='ocrx_word' id='word_1_4' title='bbox 225 321 367 371; x_wconf 78' lang='lat' dir='ltr'>soriae,</span> <span class='ocrx_word' id='word_1_5' title='bbox 395 331 436 360; x_wconf 87' lang='lat' dir='ltr'>ut</span> <span class='ocrx_word' id='word_1_6' title='bbox 461 319 641 360; x_wconf 79' lang='lat' dir='ltr'>Romana</span> <span class='ocrx_word' id='word_1_7' title='bbox 667 318 731 358; x_wconf 76' lang='lat' dir='ltr'>illa</span> <span class='ocrx_word' id='word_1_8' title='bbox 755 316 917 373; x_wconf 78' lang='lat' dir='ltr'>Augusti</span> <span class='ocrx_word' id='word_1_9' title='bbox 941 314 1112 368; x_wconf 91' lang='lat' dir='ltr'>Templo</span> <span class='ocrx_word' id='word_1_10' title='bbox 1134 314 1354 368; x_wconf 79' lang='lat' dir='ltr'>Apollini83</span> <span class='ocrx_word' id='word_1_11' title='bbox 1379 323 1418 354; x_wconf 87' lang='lat' dir='ltr'>et</span> <span class='ocrx_word' id='word_1_12' title='bbox 1442 313 1506 354; x_wconf 85' lang='lat' dir='ltr'>illa</span> <span class='ocrx_word' id='word_1_13' title='bbox 1529 313 1755 356; x_wconf 78' lang='lat' dir='ltr'>Alexandri-</span> 
     </span>
     <span class='ocr_line' id='line_1_3' title="bbox 225 371 1757 431; baseline -0.003 -13"><span class='ocrx_word' id='word_1_14' title='bbox 225 394 273 419; x_wconf 74' lang='lat' dir='ltr'>na</span> <span class='ocrx_word' id='word_1_15' title='bbox 314 378 523 418; x_wconf 74' lang='lat' dir='ltr'>Ptolemaei</span> <span class='ocrx_word' id='word_1_16' title='bbox 558 376 800 431; x_wconf 77' lang='lat' dir='ltr'>Philadelphi</span> <span class='ocrx_word' id='word_1_17' title='bbox 842 374 977 418; x_wconf 82' lang='lat' dir='ltr'>Museo</span> <span class='ocrx_word' id='word_1_18' title='bbox 1012 371 1213 413; x_wconf 66' lang='lat' dir='ltr'>dostorum</span> <span class='ocrx_word' id='word_1_19' title='bbox 1249 374 1417 413; x_wconf 81' lang='lat' dir='ltr'>virorum</span> <span class='ocrx_word' id='word_1_20' title='bbox 1444 402 1457 425; x_wconf 83' lang='lat'><em>‚</em></span> <span class='ocrx_word' id='word_1_21' title='bbox 1497 373 1564 428; x_wconf 91' lang='lat' dir='ltr'>qui</span> <span class='ocrx_word' id='word_1_22' title='bbox 1601 372 1757 426; x_wconf 89' lang='lat' dir='ltr'>publico</span> 
     </span>
     <span class='ocr_line' id='line_1_4' title="bbox 227 436 614 491; baseline -0.003 -14"><span class='ocrx_word' id='word_1_23' title='bbox 227 437 380 491; x_wconf 87' lang='lat' dir='ltr'>sumptu</span> <span class='ocrx_word' id='word_1_24' title='bbox 407 436 614 476; x_wconf 77' lang='lat' dir='ltr'>alebantur.</span> 
     </span>
    </p>

    <p class='ocr_par' dir='ltr' id='par_1_3' title="bbox 227 487 1759 605">
     <span class='ocr_line' id='line_1_5' title="bbox 349 487 1759 545; baseline -0.004 -11"><span class='ocrx_word' id='word_1_25' title='bbox 349 494 469 535; x_wconf 82' lang='lat' dir='ltr'>Versu</span> <span class='ocrx_word' id='word_1_26' title='bbox 496 496 560 544; x_wconf 88' lang='lat'>46.</span> <span class='ocrx_word' id='word_1_27' title='bbox 592 495 727 533; x_wconf 79' lang='lat' dir='ltr'>Subter</span> <span class='ocrx_word' id='word_1_28' title='bbox 750 493 960 545; x_wconf 79' lang='lat' dir='ltr'>navigabili</span> <span class='ocrx_word' id='word_1_29' title='bbox 987 500 1024 529; x_wconf 75' lang='lat' dir='ltr'>et</span> <span class='ocrx_word' id='word_1_30' title='bbox 1041 491 1174 542; x_wconf 75' lang='lat' dir='ltr'>pensili</span> <span class='ocrx_word' id='word_1_31' title='bbox 1196 488 1315 540; x_wconf 74' lang='lat' dir='ltr'>urhe.)</span> <span class='ocrx_word' id='word_1_32' title='bbox 1340 487 1547 543; x_wconf 83' lang='lat' dir='ltr'>Sumptum</span> <span class='ocrx_word' id='word_1_33' title='bbox 1575 503 1620 529; x_wconf 84' lang='lat' dir='ltr'>ex</span> <span class='ocrx_word' id='word_1_34' title='bbox 1632 487 1759 529; x_wconf 88' lang='lat' dir='ltr'>Plinio</span> 
     </span>
     <span class='ocr_line' id='line_1_6' title="bbox 227 545 1623 605; baseline -0.004 -12"><span class='ocrx_word' id='word_1_35' title='bbox 227 553 315 594; x_wconf 93' lang='lat' dir='ltr'>Lib.</span> <span class='ocrx_word' id='word_1_36' title='bbox 339 564 465 592; x_wconf 67' lang='lat' dir='ltr'>xxxvl.</span> <span class='ocrx_word' id='word_1_37' title='bbox 494 565 575 605; x_wconf 76' lang='lat' dir='ltr'>cap.</span> <span class='ocrx_word' id='word_1_38' title='bbox 605 554 664 590; x_wconf 83' lang='lat'>18.</span> <span class='ocrx_word' id='word_1_39' title='bbox 694 551 759 591; x_wconf 90' lang='lat' dir='ltr'>ubi</span> <span class='ocrx_word' id='word_1_40' title='bbox 782 550 830 590; x_wconf 84' lang='lat' dir='ltr'>de</span> <span class='ocrx_word' id='word_1_41' title='bbox 856 548 1013 590; x_wconf 79' lang='lat' dir='ltr'>Cloacis</span> <span class='ocrx_word' id='word_1_42' title='bbox 1037 548 1120 601; x_wconf 76' lang='lat' dir='ltr'>agit</span> <span class='ocrx_word' id='word_1_43' title='bbox 1146 562 1166 587; x_wconf 88' lang='lat' dir='ltr'>a</span> <span class='ocrx_word' id='word_1_44' title='bbox 1190 546 1408 602; x_wconf 78' lang='lat' dir='ltr'>Tarquinio</span> <span class='ocrx_word' id='word_1_45' title='bbox 1433 545 1623 587; x_wconf 68' lang='lat' dir='ltr'>extruffis.</span> 
     </span>
    </p>

    <p class='ocr_par' dir='ltr' id='par_1_4' title="bbox 226 603 1760 781">
     <span class='ocr_line' id='line_1_7' title="bbox 347 603 1759 662; baseline -0.003 -13"><span class='ocrx_word' id='word_1_46' title='bbox 347 608 465 650; x_wconf 78' lang='lat' dir='ltr'>Versu</span> <span class='ocrx_word' id='word_1_47' title='bbox 495 612 557 662; x_wconf 77' lang='lat'>63.</span> <span class='ocrx_word' id='word_1_48' title='bbox 600 612 733 648; x_wconf 74' lang='lat' dir='ltr'>Urbem</span> <span class='ocrx_word' id='word_1_49' title='bbox 759 620 868 648; x_wconf 73' lang='lat' dir='ltr'>antea</span> <span class='ocrx_word' id='word_1_50' title='bbox 894 607 1188 657; x_wconf 67' lang='lat' dir='ltr'>corffertiffimam</span> <span class='ocrx_word' id='word_1_51' title='bbox 1225 617 1263 645; x_wconf 78' lang='lat' dir='ltr'>et</span> <span class='ocrx_word' id='word_1_52' title='bbox 1296 605 1610 657; x_wconf 76' lang='lat' dir='ltr'>confitslffimam.)</span> <span class='ocrx_word' id='word_1_53' title='bbox 1647 603 1759 645; x_wconf 80' lang='lat' dir='ltr'>Talis</span> 
     </span>
     <span class='ocr_line' id='line_1_8' title="bbox 226 662 1760 715; baseline -0.004 -7"><span class='ocrx_word' id='word_1_54' title='bbox 226 667 357 708; x_wconf 81' lang='lat' dir='ltr'>Roma</span> <span class='ocrx_word' id='word_1_55' title='bbox 384 679 472 707; x_wconf 83' lang='lat' dir='ltr'>aute</span> <span class='ocrx_word' id='word_1_56' title='bbox 495 667 706 708; x_wconf 84' lang='lat' dir='ltr'>Neronem.</span> <span class='ocrx_word' id='word_1_57' title='bbox 735 665 837 706; x_wconf 88' lang='lat' dir='ltr'>Vide</span> <span class='ocrx_word' id='word_1_58' title='bbox 862 665 1134 705; x_wconf 75' lang='lat' dir='ltr'>casaubonum</span> <span class='ocrx_word' id='word_1_59' title='bbox 1171 663 1220 703; x_wconf 86' lang='lat' dir='ltr'>ad</span> <span class='ocrx_word' id='word_1_60' title='bbox 1245 662 1342 704; x_wconf 86' lang='lat' dir='ltr'>illud</span> <span class='ocrx_word' id='word_1_61' title='bbox 1366 662 1539 704; x_wconf 87' lang='lat' dir='ltr'>Suetonii</span> <span class='ocrx_word' id='word_1_62' title='bbox 1578 663 1619 702; x_wconf 88' lang='lat' dir='ltr'>in</span> <span class='ocrx_word' id='word_1_63' title='bbox 1648 663 1760 715; x_wconf 89' lang='lat' dir='ltr'>Julio</span> 
     </span>
     <span class='ocr_line' id='line_1_9' title="bbox 227 725 1024 781; baseline -0.005 -15"><span class='ocrx_word' id='word_1_64' title='bbox 227 741 308 781; x_wconf 78' lang='lat' dir='ltr'>cap.</span> <span class='ocrx_word' id='word_1_65' title='bbox 339 740 403 775; x_wconf 81' lang='lat'>41.</span> <span class='ocrx_word' id='word_1_66' title='bbox 429 729 500 764; x_wconf 76' lang='lat' dir='ltr'>Per</span> <span class='ocrx_word' id='word_1_67' title='bbox 525 729 684 765; x_wconf 76' lang='lat' dir='ltr'>dominos</span> <span class='ocrx_word' id='word_1_68' title='bbox 708 726 907 774; x_wconf 68' lang='lat' dir='ltr'>infitlarum</span> <span class='ocrx_word' id='word_1_69' title='bbox 932 725 1024 775; x_wconf 83' lang='lat' dir='ltr'>egit.</span> 
     </span>
    </p>

    <p class='ocr_par' dir='ltr' id='par_1_5' title="bbox 227 777 1762 1229">
     <span class='ocr_line' id='line_1_10' title="bbox 346 777 1760 834; baseline -0.004 -11"><span class='ocrx_word' id='word_1_70' title='bbox 346 784 467 823; x_wconf 77' lang='lat' dir='ltr'>Vcrsu</span> <span class='ocrx_word' id='word_1_71' title='bbox 495 787 557 834; x_wconf 83' lang='lat'>65.</span> <span class='ocrx_word' id='word_1_72' title='bbox 592 786 795 834; x_wconf 66' lang='lat' dir='ltr'>Iffitlisque</span> <span class='ocrx_word' id='word_1_73' title='bbox 819 781 1010 833; x_wconf 57' lang='lat' dir='ltr'>distinxi.)</span> <span class='ocrx_word' id='word_1_74' title='bbox 1041 783 1184 833; x_wconf 78' lang='lat' dir='ltr'>Infitlas</span> <span class='ocrx_word' id='word_1_75' title='bbox 1207 779 1340 820; x_wconf 78' lang='lat' dir='ltr'>Latini</span> <span class='ocrx_word' id='word_1_76' title='bbox 1366 789 1505 820; x_wconf 79' lang='lat' dir='ltr'>vocant</span> <span class='ocrx_word' id='word_1_77' title='bbox 1543 778 1654 819; x_wconf 87' lang='lat' dir='ltr'>series</span> <span class='ocrx_word' id='word_1_78' title='bbox 1691 777 1760 818; x_wconf 90' lang='lat' dir='ltr'>do·-</span> 
     </span>
     <span class='ocr_line' id='line_1_11' title="bbox 228 836 1759 894; baseline -0.004 -12"><span class='ocrx_word' id='word_1_79' title='bbox 228 856 381 882; x_wconf 86' lang='lat' dir='ltr'>motum</span> <span class='ocrx_word' id='word_1_80' title='bbox 404 857 423 881; x_wconf 86' lang='lat' dir='ltr'>a</span> <span class='ocrx_word' id='word_1_81' title='bbox 449 842 584 881; x_wconf 76' lang='lat' dir='ltr'>ceteris</span> <span class='ocrx_word' id='word_1_82' title='bbox 608 841 712 880; x_wconf 88' lang='lat' dir='ltr'>omni</span> <span class='ocrx_word' id='word_1_83' title='bbox 747 854 793 879; x_wconf 85' lang='lat' dir='ltr'>cx</span> <span class='ocrx_word' id='word_1_84' title='bbox 817 851 924 894; x_wconf 76' lang='lat' dir='ltr'>parte</span> <span class='ocrx_word' id='word_1_85' title='bbox 950 837 1129 878; x_wconf 83' lang='lat' dir='ltr'>discretas</span> <span class='ocrx_word' id='word_1_86' title='bbox 1161 853 1204 878; x_wconf 80' lang='lat' dir='ltr'>ac</span> <span class='ocrx_word' id='word_1_87' title='bbox 1227 837 1416 892; x_wconf 79' lang='lat' dir='ltr'>separatas</span> <span class='ocrx_word' id='word_1_88' title='bbox 1438 867 1450 888; x_wconf 89' lang='lat'>‚</span> <span class='ocrx_word' id='word_1_89' title='bbox 1486 847 1529 877; x_wconf 85' lang='lat' dir='ltr'>ut</span> <span class='ocrx_word' id='word_1_90' title='bbox 1553 836 1691 876; x_wconf 76' lang='lat' dir='ltr'>insulas</span> <span class='ocrx_word' id='word_1_91' title='bbox 1720 838 1759 876; x_wconf 88' lang='lat' dir='ltr'>in</span> 
     </span>
     <span class='ocr_line' id='line_1_12' title="bbox 228 893 1761 952; baseline -0.003 -13"><span class='ocrx_word' id='word_1_92' title='bbox 228 899 358 939; x_wconf 88' lang='lat' dir='ltr'>medio</span> <span class='ocrx_word' id='word_1_93' title='bbox 395 900 500 938; x_wconf 74' lang='lat' dir='ltr'>mari.</span> <span class='ocrx_word' id='word_1_94' title='bbox 544 900 656 952; x_wconf 74' lang='lat' dir='ltr'>Qme</span> <span class='ocrx_word' id='word_1_95' title='bbox 692 912 765 938; x_wconf 85' lang='lat' dir='ltr'>vox</span> <span class='ocrx_word' id='word_1_96' title='bbox 800 898 873 937; x_wconf 86' lang='lat' dir='ltr'>hoc</span> <span class='ocrx_word' id='word_1_97' title='bbox 906 896 1114 951; x_wconf 75' lang='lat' dir='ltr'>significatu</span> <span class='ocrx_word' id='word_1_98' title='bbox 1147 895 1325 950; x_wconf 83' lang='lat' dir='ltr'><strong>frequens</strong></span> <span class='ocrx_word' id='word_1_99' title='bbox 1350 895 1541 935; x_wconf 82' lang='lat' dir='ltr'>Historiae</span> <span class='ocrx_word' id='word_1_100' title='bbox 1565 893 1761 948; x_wconf 80' lang='lat' dir='ltr'>Augustae</span> 
     </span>
     <span class='ocr_line' id='line_1_13' title="bbox 228 953 1762 1011; baseline -0.003 -14"><span class='ocrx_word' id='word_1_101' title='bbox 228 957 512 1011; x_wconf 86' lang='lat' dir='ltr'>Scriptoribus,</span> <span class='ocrx_word' id='word_1_102' title='bbox 537 956 704 1006; x_wconf 79' lang='lat' dir='ltr'>Tacito,</span> <span class='ocrx_word' id='word_1_103' title='bbox 739 955 949 1005; x_wconf 80' lang='lat' dir='ltr'>Suetonio,</span> <span class='ocrx_word' id='word_1_104' title='bbox 979 954 1233 1008; x_wconf 76' lang='lat' dir='ltr'>Capitolino,</span> <span class='ocrx_word' id='word_1_105' title='bbox 1268 966 1309 994; x_wconf 88' lang='lat' dir='ltr'>et</span> <span class='ocrx_word' id='word_1_106' title='bbox 1331 954 1425 993; x_wconf 85' lang='lat' dir='ltr'>aliis.</span> <span class='ocrx_word' id='word_1_107' title='bbox 1458 955 1581 994; x_wconf 88' lang='lat' dir='ltr'>Vetus</span> <span class='ocrx_word' id='word_1_108' title='bbox 1606 953 1762 992; x_wconf 88' lang='lat' dir='ltr'>Memo-</span> 
     </span>
     <span class='ocr_line' id='line_1_14' title="bbox 228 1010 1762 1069; baseline -0.003 -15"><span class='ocrx_word' id='word_1_109' title='bbox 228 1016 282 1054; x_wconf 78' lang='lat' dir='ltr'>ria</span> <span class='ocrx_word' id='word_1_110' title='bbox 307 1014 408 1069; x_wconf 80' lang='lat' dir='ltr'>apud</span> <span class='ocrx_word' id='word_1_111' title='bbox 436 1014 656 1054; x_wconf 79' lang='lat' dir='ltr'>Reinelium</span> <span class='ocrx_word' id='word_1_112' title='bbox 681 1013 795 1054; x_wconf 76' lang='lat' dir='ltr'>Claff.</span> <span class='ocrx_word' id='word_1_113' title='bbox 821 1027 869 1054; x_wconf 79' lang='lat' dir='ltr'>iv.</span> <span class='ocrx_word' id='word_1_114' title='bbox 894 1011 1050 1066; x_wconf 87' lang='lat' dir='ltr'>Inscrip.</span> <span class='ocrx_word' id='word_1_115' title='bbox 1079 1028 1113 1052; x_wconf 89' lang='lat'>2.</span> <span class='ocrx_word' id='word_1_116' title='bbox 1138 1011 1492 1052; x_wconf 83' lang='lat' dir='ltr'>INCENDIUM.</span> <span class='ocrx_word' id='word_1_117' title='bbox 1516 1011 1590 1051; x_wconf 89' lang='lat' dir='ltr'>IN.</span> <span class='ocrx_word' id='word_1_118' title='bbox 1614 1010 1762 1050; x_wconf 88' lang='lat' dir='ltr'>CAPI-</span> 
     </span>
     <span class='ocr_line' id='line_1_15' title="bbox 227 1068 1762 1122; baseline -0.003 -9"><span class='ocrx_word' id='word_1_119' title='bbox 227 1072 422 1113; x_wconf 82' lang='lat' dir='ltr'>TOLIO.</span> <span class='ocrx_word' id='word_1_120' title='bbox 452 1071 707 1113; x_wconf 82' lang='lat' dir='ltr'>INSULAE.</span> <span class='ocrx_word' id='word_1_121' title='bbox 738 1070 915 1111; x_wconf 80' lang='lat' dir='ltr'>DUAE.</span> <span class='ocrx_word' id='word_1_122' title='bbox 942 1068 1297 1111; x_wconf 84' lang='lat' dir='ltr'>ABSUMPTAE.</span> <span class='ocrx_word' id='word_1_123' title='bbox 1340 1070 1519 1122; x_wconf 80' lang='lat' dir='ltr'>Qiorum</span> <span class='ocrx_word' id='word_1_124' title='bbox 1547 1069 1762 1108; x_wconf 77' lang='lat' dir='ltr'>imitatione</span> 
     </span>
     <span class='ocr_line' id='line_1_16' title="bbox 229 1125 1762 1184; baseline -0.004 -13"><span class='ocrx_word' id='word_1_125' title='bbox 229 1143 269 1171; x_wconf 88' lang='lat' dir='ltr'>et</span> <span class='ocrx_word' id='word_1_126' title='bbox 294 1144 362 1169; x_wconf 86' lang='lat' dir='ltr'>nos</span> <span class='ocrx_word' id='word_1_127' title='bbox 386 1132 510 1184; x_wconf 75' lang='lat' dir='ltr'>patria</span> <span class='ocrx_word' id='word_1_128' title='bbox 536 1130 667 1184; x_wconf 74' lang='lat' dir='ltr'>lingua</span> <span class='ocrx_word' id='word_1_129' title='bbox 680 1131 784 1169; x_wconf 72' lang='lat' dir='ltr'><em>Ilhas</em></span> <span class='ocrx_word' id='word_1_130' title='bbox 809 1128 972 1168; x_wconf 84' lang='lat' dir='ltr'>dicimus</span> <span class='ocrx_word' id='word_1_131' title='bbox 987 1127 1123 1168; x_wconf 90' lang='lat' dir='ltr'>domos</span> <span class='ocrx_word' id='word_1_132' title='bbox 1136 1126 1352 1180; x_wconf 87' lang='lat' dir='ltr'>hujusmodi</span> <span class='ocrx_word' id='word_1_133' title='bbox 1366 1156 1379 1179; x_wconf 86' lang='lat'>‚</span> <span class='ocrx_word' id='word_1_134' title='bbox 1402 1127 1509 1168; x_wconf 87' lang='lat' dir='ltr'>nullo</span> <span class='ocrx_word' id='word_1_135' title='bbox 1535 1125 1653 1167; x_wconf 90' lang='lat' dir='ltr'>modo</span> <span class='ocrx_word' id='word_1_136' title='bbox 1677 1126 1762 1166; x_wconf 84' lang='lat' dir='ltr'>aliis</span> 
     </span>
     <span class='ocr_line' id='line_1_17' title="bbox 231 1201 447 1229; baseline -0.009 0"><span class='ocrx_word' id='word_1_137' title='bbox 231 1201 334 1229; x_wconf 77' lang='lat' dir='ltr'>conti</span> <span class='ocrx_word' id='word_1_138' title='bbox 369 1203 447 1228; x_wconf 73' lang='lat' dir='ltr'>uas.</span> 
     </span>
    </p>

    <p class='ocr_par' dir='ltr' id='par_1_6' title="bbox 230 1202 1770 2164">
     <span class='ocr_line' id='line_1_18' title="bbox 339 1202 1764 1298; baseline -0.003 -12"><span class='ocrx_word' id='word_1_139' title='bbox 339 1202 471 1286; x_wconf 77' lang='lat' dir='ltr'>gVersu</span> <span class='ocrx_word' id='word_1_140' title='bbox 501 1263 563 1298; x_wconf 88' lang='lat'>79.</span> <span class='ocrx_word' id='word_1_141' title='bbox 601 1248 695 1286; x_wconf 64' lang='lat' dir='ltr'>Visis</span> <span class='ocrx_word' id='word_1_142' title='bbox 722 1244 936 1298; x_wconf 79' lang='lat' dir='ltr'>publicas.)</span> <span class='ocrx_word' id='word_1_143' title='bbox 980 1241 1129 1284; x_wconf 82' lang='lat' dir='ltr'>Curam</span> <span class='ocrx_word' id='word_1_144' title='bbox 1154 1242 1201 1283; x_wconf 89' lang='lat' dir='ltr'>dc</span> <span class='ocrx_word' id='word_1_145' title='bbox 1224 1242 1440 1285; x_wconf 81' lang='lat' dir='ltr'>muniendis</span> <span class='ocrx_word' id='word_1_146' title='bbox 1475 1252 1515 1283; x_wconf 91' lang='lat' dir='ltr'>et</span> <span class='ocrx_word' id='word_1_147' title='bbox 1551 1240 1764 1282; x_wconf 78' lang='lat' dir='ltr'>reficiendis·</span> 
     </span>
     <span class='ocr_line' id='line_1_19' title="bbox 230 1299 1764 1358; baseline -0.003 -14"><span class='ocrx_word' id='word_1_148' title='bbox 230 1305 302 1344; x_wconf 85' lang='lat' dir='ltr'>viis</span> <span class='ocrx_word' id='word_1_149' title='bbox 328 1305 492 1358; x_wconf 80' lang='lat' dir='ltr'>publicis</span> <span class='ocrx_word' id='word_1_150' title='bbox 517 1303 643 1358; x_wconf 67' lang='lat' dir='ltr'>palliin</span> <span class='ocrx_word' id='word_1_151' title='bbox 681 1305 719 1344; x_wconf 88' lang='lat' dir='ltr'>in</span> <span class='ocrx_word' id='word_1_152' title='bbox 743 1302 970 1343; x_wconf 74' lang='lat' dir='ltr'>Caesaribus</span> <span class='ocrx_word' id='word_1_153' title='bbox 994 1301 1186 1342; x_wconf 77' lang='lat' dir='ltr'>Romanis</span> <span class='ocrx_word' id='word_1_154' title='bbox 1219 1300 1490 1343; x_wconf 82' lang='lat' dir='ltr'>commendant</span> <span class='ocrx_word' id='word_1_155' title='bbox 1515 1299 1684 1354; x_wconf 78' lang='lat' dir='ltr'>Lapides</span> <span class='ocrx_word' id='word_1_156' title='bbox 1719 1314 1764 1339; x_wconf 88' lang='lat' dir='ltr'>ac</span> 
     </span>
     <span class='ocr_line' id='line_1_20' title="bbox 230 1356 1764 1415; baseline -0.005 -12"><span class='ocrx_word' id='word_1_157' title='bbox 230 1361 405 1403; x_wconf 84' lang='lat' dir='ltr'>Nummi.</span> <span class='ocrx_word' id='word_1_158' title='bbox 445 1361 506 1400; x_wconf 88' lang='lat' dir='ltr'>Ut</span> <span class='ocrx_word' id='word_1_159' title='bbox 529 1363 592 1401; x_wconf 89' lang='lat' dir='ltr'>ille</span> <span class='ocrx_word' id='word_1_160' title='bbox 616 1361 755 1401; x_wconf 83' lang='lat' dir='ltr'>Gentis</span> <span class='ocrx_word' id='word_1_161' title='bbox 782 1362 958 1403; x_wconf 80' lang='lat' dir='ltr'>Viniciae</span> <span class='ocrx_word' id='word_1_162' title='bbox 983 1390 995 1412; x_wconf 86' lang='lat'>‚</span> <span class='ocrx_word' id='word_1_163' title='bbox 1030 1374 1142 1415; x_wconf 88' lang='lat' dir='ltr'>quem</span> <span class='ocrx_word' id='word_1_164' title='bbox 1167 1360 1205 1398; x_wconf 91' lang='lat' dir='ltr'>in</span> <span class='ocrx_word' id='word_1_165' title='bbox 1231 1361 1350 1402; x_wconf 87' lang='lat' dir='ltr'>Notis</span> <span class='ocrx_word' id='word_1_166' title='bbox 1375 1359 1424 1400; x_wconf 83' lang='lat' dir='ltr'>ad</span> <span class='ocrx_word' id='word_1_167' title='bbox 1447 1358 1641 1400; x_wconf 82' lang='lat' dir='ltr'>Tabulam</span> <span class='ocrx_word' id='word_1_168' title='bbox 1665 1356 1764 1397; x_wconf 83' lang='lat' dir='ltr'>Ter-</span> 
     </span>
     <span class='ocr_line' id='line_1_21' title="bbox 231 1413 1765 1472; baseline -0.002 -14"><span class='ocrx_word' id='word_1_169' title='bbox 231 1421 326 1460; x_wconf 82' lang='lat' dir='ltr'>tiam</span> <span class='ocrx_word' id='word_1_170' title='bbox 346 1420 428 1471; x_wconf 69' lang='lat' dir='ltr'>jam</span> <span class='ocrx_word' id='word_1_171' title='bbox 452 1417 627 1458; x_wconf 82' lang='lat' dir='ltr'>dedimus</span> <span class='ocrx_word' id='word_1_172' title='bbox 654 1434 741 1457; x_wconf 88' lang='lat' dir='ltr'>cum</span> <span class='ocrx_word' id='word_1_173' title='bbox 769 1418 1012 1472; x_wconf 81' lang='lat' dir='ltr'>Inscripfione</span> <span class='ocrx_word' id='word_1_174' title='bbox 1038 1419 1102 1457; x_wconf 85' lang='lat' dir='ltr'>tali</span> <span class='ocrx_word' id='word_1_175' title='bbox 1124 1432 1132 1458; x_wconf 89' lang='lat'>:</span> <span class='ocrx_word' id='word_1_176' title='bbox 1168 1417 1204 1458; x_wconf 89' lang='lat' dir='ltr'>S.</span> <span class='ocrx_word' id='word_1_177' title='bbox 1231 1418 1271 1458; x_wconf 90' lang='lat' dir='ltr'>P.</span> <span class='ocrx_word' id='word_1_178' title='bbox 1296 1419 1353 1470; x_wconf 98' lang='lat' dir='ltr'>Q</span> <span class='ocrx_word' id='word_1_179' title='bbox 1374 1417 1428 1457; x_wconf 87' lang='lat' dir='ltr'>R.</span> <span class='ocrx_word' id='word_1_180' title='bbox 1454 1415 1586 1456; x_wconf 87' lang='lat' dir='ltr'>AUG.</span> <span class='ocrx_word' id='word_1_181' title='bbox 1610 1413 1765 1456; x_wconf 86' lang='lat' dir='ltr'>CAES.</span> 
     </span>
     <span class='ocr_line' id='line_1_22' title="bbox 231 1473 1767 1529; baseline -0.003 -12"><span class='ocrx_word' id='word_1_182' title='bbox 231 1477 414 1529; x_wconf 88' lang='lat' dir='ltr'>QUOD.</span> <span class='ocrx_word' id='word_1_183' title='bbox 442 1477 492 1517; x_wconf 84' lang='lat' dir='ltr'>V.</span> <span class='ocrx_word' id='word_1_184' title='bbox 519 1477 577 1516; x_wconf 85' lang='lat' dir='ltr'>M.</span> <span class='ocrx_word' id='word_1_185' title='bbox 602 1475 638 1515; x_wconf 90' lang='lat' dir='ltr'>S.</span> <span class='ocrx_word' id='word_1_186' title='bbox 666 1475 748 1515; x_wconf 85' lang='lat' dir='ltr'>EX.</span> <span class='ocrx_word' id='word_1_187' title='bbox 775 1475 859 1516; x_wconf 91' lang='lat' dir='ltr'>EA.</span> <span class='ocrx_word' id='word_1_188' title='bbox 886 1477 926 1515; x_wconf 93' lang='lat' dir='ltr'>P.</span> <span class='ocrx_word' id='word_1_189' title='bbox 950 1477 1006 1528; x_wconf 87' lang='lat' dir='ltr'>Q</span> <span class='ocrx_word' id='word_1_190' title='bbox 1029 1476 1087 1516; x_wconf 89' lang='lat' dir='ltr'>IS.</span> <span class='ocrx_word' id='word_1_191' title='bbox 1112 1475 1206 1516; x_wconf 90' lang='lat' dir='ltr'>AD.</span> <span class='ocrx_word' id='word_1_192' title='bbox 1230 1477 1278 1517; x_wconf 91' lang='lat' dir='ltr'>A.</span> <span class='ocrx_word' id='word_1_193' title='bbox 1302 1474 1391 1516; x_wconf 90' lang='lat' dir='ltr'>DE.</span> <span class='ocrx_word' id='word_1_194' title='bbox 1434 1474 1525 1514; x_wconf 81' lang='lat' dir='ltr'>Hoc</span> <span class='ocrx_word' id='word_1_195' title='bbox 1548 1473 1599 1514; x_wconf 92' lang='lat' dir='ltr'>est</span> <span class='ocrx_word' id='word_1_196' title='bbox 1624 1503 1636 1524; x_wconf 83' lang='lat'>‚</span> <span class='ocrx_word' id='word_1_197' title='bbox 1669 1474 1767 1526; x_wconf 78' lang='lat' dir='ltr'>quod</span> 
     </span>
     <span class='ocr_line' id='line_1_23' title="bbox 232 1530 1765 1586; baseline -0.002 -12"><span class='ocrx_word' id='word_1_198' title='bbox 232 1538 317 1574; x_wconf 80' lang='lat' dir='ltr'>viae</span> <span class='ocrx_word' id='word_1_199' title='bbox 347 1538 508 1573; x_wconf 79' lang='lat' dir='ltr'>munitae</span> <span class='ocrx_word' id='word_1_200' title='bbox 523 1536 613 1583; x_wconf 82' lang='lat' dir='ltr'>fimt</span> <span class='ocrx_word' id='word_1_201' title='bbox 636 1548 681 1572; x_wconf 84' lang='lat' dir='ltr'>ex</span> <span class='ocrx_word' id='word_1_202' title='bbox 705 1549 746 1573; x_wconf 81' lang='lat' dir='ltr'>ea</span> <span class='ocrx_word' id='word_1_203' title='bbox 762 1537 919 1586; x_wconf 73' lang='lat' dir='ltr'>pecnnia</span> <span class='ocrx_word' id='word_1_204' title='bbox 947 1563 959 1585; x_wconf 83' lang='lat'><em>‚</em></span> <span class='ocrx_word' id='word_1_205' title='bbox 994 1548 1105 1584; x_wconf 80' lang='lat' dir='ltr'>quam</span> <span class='ocrx_word' id='word_1_206' title='bbox 1141 1537 1175 1572; x_wconf 86' lang='lat' dir='ltr'>is</span> <span class='ocrx_word' id='word_1_207' title='bbox 1212 1538 1262 1574; x_wconf 77' lang='lat' dir='ltr'>ad</span> <span class='ocrx_word' id='word_1_208' title='bbox 1285 1536 1487 1574; x_wconf 78' lang='lat' dir='ltr'>Aerarium</span> <span class='ocrx_word' id='word_1_209' title='bbox 1513 1535 1663 1572; x_wconf 81' lang='lat' dir='ltr'>detulit.</span> <span class='ocrx_word' id='word_1_210' title='bbox 1706 1530 1765 1571; x_wconf 82' lang='lat' dir='ltr'>Ex</span> 
     </span>
     <span class='ocr_line' id='line_1_24' title="bbox 232 1588 1766 1646; baseline -0.003 -13"><span class='ocrx_word' id='word_1_211' title='bbox 232 1591 447 1646; x_wconf 75' lang='lat' dir='ltr'>Lapidibus</span> <span class='ocrx_word' id='word_1_212' title='bbox 472 1605 587 1631; x_wconf 89' lang='lat' dir='ltr'>unum</span> <span class='ocrx_word' id='word_1_213' title='bbox 605 1589 797 1630; x_wconf 81' lang='lat' dir='ltr'>Emeritae</span> <span class='ocrx_word' id='word_1_214' title='bbox 821 1590 886 1643; x_wconf 81' lang='lat' dir='ltr'>ipfi</span> <span class='ocrx_word' id='word_1_215' title='bbox 898 1589 1073 1644; x_wconf 86' lang='lat' dir='ltr'>Augusto</span> <span class='ocrx_word' id='word_1_216' title='bbox 1092 1588 1312 1630; x_wconf 85' lang='lat' dir='ltr'>dedicatum</span> <span class='ocrx_word' id='word_1_217' title='bbox 1337 1589 1583 1644; x_wconf 81' lang='lat' dir='ltr'>producimus</span> <span class='ocrx_word' id='word_1_218' title='bbox 1603 1603 1648 1630; x_wconf 85' lang='lat' dir='ltr'>ex</span> <span class='ocrx_word' id='word_1_219' title='bbox 1660 1588 1766 1629; x_wconf 84' lang='lat' dir='ltr'>Gru-</span> 
     </span>
     <span class='ocr_line' id='line_1_25' title="bbox 233 1646 1767 1698; baseline -0.003 -8"><span class='ocrx_word' id='word_1_220' title='bbox 233 1663 318 1691; x_wconf 86' lang='lat' dir='ltr'>tero</span> <span class='ocrx_word' id='word_1_221' title='bbox 343 1662 468 1689; x_wconf 73' lang='lat' dir='ltr'>CXLIX.</span> <span class='ocrx_word' id='word_1_222' title='bbox 497 1665 530 1698; x_wconf 87' lang='lat'>4.</span> <span class='ocrx_word' id='word_1_223' title='bbox 564 1647 675 1689; x_wconf 83' lang='lat' dir='ltr'>IMP.</span> <span class='ocrx_word' id='word_1_224' title='bbox 701 1646 853 1688; x_wconf 77' lang='lat' dir='ltr'>CAES.</span> <span class='ocrx_word' id='word_1_225' title='bbox 882 1647 1015 1687; x_wconf 92' lang='lat' dir='ltr'>DIVI.</span> <span class='ocrx_word' id='word_1_226' title='bbox 1048 1648 1090 1686; x_wconf 84' lang='lat' dir='ltr'>F.</span> <span class='ocrx_word' id='word_1_227' title='bbox 1116 1647 1436 1688; x_wconf 89' lang='lat' dir='ltr'>AUGUSTUS.</span> <span class='ocrx_word' id='word_1_228' title='bbox 1469 1646 1633 1687; x_wconf 83' lang='lat' dir='ltr'>ORBE.</span> <span class='ocrx_word' id='word_1_229' title='bbox 1660 1646 1767 1686; x_wconf 84' lang='lat' dir='ltr'>MA-</span> 
     </span>
     <span class='ocr_line' id='line_1_26' title="bbox 232 1701 1766 1757; baseline -0.003 -9"><span class='ocrx_word' id='word_1_230' title='bbox 232 1708 308 1748; x_wconf 82' lang='lat' dir='ltr'>Ri.</span> <span class='ocrx_word' id='word_1_231' title='bbox 337 1708 427 1748; x_wconf 82' lang='lat' dir='ltr'>AC.</span> <span class='ocrx_word' id='word_1_232' title='bbox 455 1705 669 1746; x_wconf 79' lang='lat' dir='ltr'>TERRA.</span> <span class='ocrx_word' id='word_1_233' title='bbox 696 1704 941 1745; x_wconf 82' lang='lat' dir='ltr'>PACATO.</span> <span class='ocrx_word' id='word_1_234' title='bbox 964 1701 1214 1744; x_wconf 81' lang='lat' dir='ltr'>TEMPLO.</span> <span class='ocrx_word' id='word_1_235' title='bbox 1243 1705 1386 1757; x_wconf 82' lang='lat' dir='ltr'>JANI.</span> <span class='ocrx_word' id='word_1_236' title='bbox 1415 1704 1616 1745; x_wconf 89' lang='lat' dir='ltr'>CLUSO.</span> <span class='ocrx_word' id='word_1_237' title='bbox 1643 1703 1766 1744; x_wconf 78' lang='lat' dir='ltr'>REP-</span> 
     </span>
     <span class='ocr_line' id='line_1_27' title="bbox 234 1760 1769 1806; baseline -0.003 0"><span class='ocrx_word' id='word_1_238' title='bbox 234 1766 275 1806; x_wconf 89' lang='lat' dir='ltr'>P.</span> <span class='ocrx_word' id='word_1_239' title='bbox 302 1764 355 1805; x_wconf 94' lang='lat' dir='ltr'>R.</span> <span class='ocrx_word' id='word_1_240' title='bbox 395 1763 640 1804; x_wconf 88' lang='lat' dir='ltr'>OPTIMIS.</span> <span class='ocrx_word' id='word_1_241' title='bbox 677 1761 925 1803; x_wconf 83' lang='lat' dir='ltr'>LEGIBUS.</span> <span class='ocrx_word' id='word_1_242' title='bbox 962 1760 1048 1801; x_wconf 84' lang='lat' dir='ltr'>ET.</span> <span class='ocrx_word' id='word_1_243' title='bbox 1074 1761 1472 1802; x_wconf 80' lang='lat' dir='ltr'>SANCTISSIMIS.</span> <span class='ocrx_word' id='word_1_244' title='bbox 1511 1760 1769 1802; x_wconf 89' lang='lat' dir='ltr'>INSTITU-</span> 
     </span>
     <span class='ocr_line' id='line_1_28' title="bbox 234 1817 1768 1863; baseline -0.003 0"><span class='ocrx_word' id='word_1_245' title='bbox 234 1822 335 1863; x_wconf 88' lang='lat' dir='ltr'>TIS.</span> <span class='ocrx_word' id='word_1_246' title='bbox 374 1820 752 1862; x_wconf 79' lang='lat' dir='ltr'>REFORMATA.</span> <span class='ocrx_word' id='word_1_247' title='bbox 790 1817 950 1863; x_wconf 77' lang='lat' dir='ltr'>VIAM.</span> <span class='ocrx_word' id='word_1_248' title='bbox 996 1818 1391 1859; x_wconf 81' lang='lat' dir='ltr'>SUPERIORUM.</span> <span class='ocrx_word' id='word_1_249' title='bbox 1424 1818 1768 1859; x_wconf 83' lang='lat' dir='ltr'>CONSULUM.</span> 
     </span>
     <span class='ocr_line' id='line_1_29' title="bbox 234 1875 1770 1921; baseline -0.004 0"><span class='ocrx_word' id='word_1_250' title='bbox 234 1879 527 1921; x_wconf 82' lang='lat' dir='ltr'>TEMPORE.</span> <span class='ocrx_word' id='word_1_251' title='bbox 562 1877 933 1920; x_wconf 82' lang='lat' dir='ltr'>INCHOATAM.</span> <span class='ocrx_word' id='word_1_252' title='bbox 970 1876 1054 1917; x_wconf 83' lang='lat' dir='ltr'>ET.</span> <span class='ocrx_word' id='word_1_253' title='bbox 1092 1875 1324 1917; x_wconf 87' lang='lat' dir='ltr'>MULTIS.</span> <span class='ocrx_word' id='word_1_254' title='bbox 1360 1875 1539 1916; x_wconf 89' lang='lat' dir='ltr'>LOCIS.</span> <span class='ocrx_word' id='word_1_255' title='bbox 1569 1875 1770 1916; x_wconf 78' lang='lat' dir='ltr'>INTER-</span> 
     </span>
     <span class='ocr_line' id='line_1_30' title="bbox 235 1932 1765 1978; baseline -0.004 0"><span class='ocrx_word' id='word_1_256' title='bbox 235 1938 460 1978; x_wconf 78' lang='lat' dir='ltr'>MISSAM.</span> <span class='ocrx_word' id='word_1_257' title='bbox 504 1936 631 1977; x_wconf 86' lang='lat' dir='ltr'>PRO.</span> <span class='ocrx_word' id='word_1_258' title='bbox 667 1934 1002 1977; x_wconf 78' lang='lat' dir='ltr'>DIGNITATE.</span> <span class='ocrx_word' id='word_1_259' title='bbox 1045 1934 1257 1975; x_wconf 81' lang='lat' dir='ltr'>IMPERI.</span> <span class='ocrx_word' id='word_1_260' title='bbox 1299 1934 1341 1973; x_wconf 89' lang='lat' dir='ltr'>P.</span> <span class='ocrx_word' id='word_1_261' title='bbox 1368 1933 1406 1974; x_wconf 90' lang='lat' dir='ltr'>P.</span> <span class='ocrx_word' id='word_1_262' title='bbox 1443 1932 1765 1973; x_wconf 80' lang='lat' dir='ltr'>LATIOREM.</span> 
     </span>
     <span class='ocr_line' id='line_1_31' title="bbox 234 1989 1770 2047; baseline -0.005 -11"><span class='ocrx_word' id='word_1_263' title='bbox 234 1994 736 2047; x_wconf 67' lang='lat' dir='ltr'>LONGIOREMQUE.</span> <span class='ocrx_word' id='word_1_264' title='bbox 767 1992 982 2034; x_wconf 88' lang='lat' dir='ltr'>GADEIS.</span> <span class='ocrx_word' id='word_1_265' title='bbox 1014 1991 1217 2046; x_wconf 86' lang='lat' dir='ltr'>USQUE.</span> <span class='ocrx_word' id='word_1_266' title='bbox 1248 1989 1563 2031; x_wconf 67' lang='lat' dir='ltr'>PERDUXIT.</span> <span class='ocrx_word' id='word_1_267' title='bbox 1604 1991 1770 2044; x_wconf 78' lang='lat' dir='ltr'>Capito-</span> 
     </span>
     <span class='ocr_line' id='line_1_32' title="bbox 237 2051 1769 2107; baseline -0.005 -14"><span class='ocrx_word' id='word_1_268' title='bbox 237 2054 337 2094; x_wconf 82' lang='lat' dir='ltr'>linus</span> <span class='ocrx_word' id='word_1_269' title='bbox 364 2053 412 2094; x_wconf 86' lang='lat' dir='ltr'>dc</span> <span class='ocrx_word' id='word_1_270' title='bbox 438 2053 638 2093; x_wconf 82' lang='lat' dir='ltr'>Antonino</span> <span class='ocrx_word' id='word_1_271' title='bbox 663 2051 893 2106; x_wconf 82' lang='lat' dir='ltr'>Philosopho</span> <span class='ocrx_word' id='word_1_272' title='bbox 924 2066 1006 2107; x_wconf 81' lang='lat' dir='ltr'>cap.</span> <span class='ocrx_word' id='word_1_273' title='bbox 1038 2066 1097 2091; x_wconf 90' lang='lat'>11.</span> <span class='ocrx_word' id='word_1_274' title='bbox 1133 2053 1174 2091; x_wconf 92' lang='lat' dir='ltr'><em>V</em></span> <span class='ocrx_word' id='word_1_275' title='bbox 1173 2055 1230 2090; x_wconf 81' lang='lat' dir='ltr'>ias</span> <span class='ocrx_word' id='word_1_276' title='bbox 1256 2053 1370 2089; x_wconf 80' lang='lat' dir='ltr'>etiam</span> <span class='ocrx_word' id='word_1_277' title='bbox 1395 2051 1499 2088; x_wconf 78' lang='lat' dir='ltr'>urhis</span> <span class='ocrx_word' id='word_1_278' title='bbox 1524 2059 1638 2099; x_wconf 73' lang='lat' dir='ltr'>atque</span> <span class='ocrx_word' id='word_1_279' title='bbox 1661 2051 1769 2087; x_wconf 76' lang='lat' dir='ltr'>itine-</span> 
     </span>
     <span class='ocr_line' id='line_1_33' title="bbox 235 2114 805 2164; baseline -0.005 -12"><span class='ocrx_word' id='word_1_280' title='bbox 235 2127 319 2152; x_wconf 84' lang='lat' dir='ltr'>rum</span> <span class='ocrx_word' id='word_1_281' title='bbox 344 2114 620 2164; x_wconf 65' lang='lat' dir='ltr'>diligentifflme</span> <span class='ocrx_word' id='word_1_282' title='bbox 644 2115 805 2150; x_wconf 76' lang='lat' dir='ltr'>curavit.</span> 
     </span>
    </p>

    <p class='ocr_par' dir='ltr' id='par_1_7' title="bbox 236 2162 1770 2278">
     <span class='ocr_line' id='line_1_34' title="bbox 357 2162 1770 2222; baseline -0.004 -12"><span class='ocrx_word' id='word_1_283' title='bbox 357 2169 476 2210; x_wconf 76' lang='lat' dir='ltr'>Versu</span> <span class='ocrx_word' id='word_1_284' title='bbox 507 2185 570 2221; x_wconf 81' lang='lat'>90.</span> <span class='ocrx_word' id='word_1_285' title='bbox 606 2171 754 2220; x_wconf 77' lang='lat' dir='ltr'>Aquam</span> <span class='ocrx_word' id='word_1_286' title='bbox 777 2183 870 2220; x_wconf 80' lang='lat' dir='ltr'>quae</span> <span class='ocrx_word' id='word_1_287' title='bbox 892 2171 1107 2222; x_wconf 77' lang='lat' dir='ltr'>adpellatur</span> <span class='ocrx_word' id='word_1_288' title='bbox 1132 2166 1310 2218; x_wconf 72' lang='lat' dir='ltr'>Libera.)</span> <span class='ocrx_word' id='word_1_289' title='bbox 1345 2163 1407 2204; x_wconf 92' lang='lat' dir='ltr'>Sic</span> <span class='ocrx_word' id='word_1_290' title='bbox 1429 2162 1623 2204; x_wconf 81' lang='lat' dir='ltr'>Romanis</span> <span class='ocrx_word' id='word_1_291' title='bbox 1658 2165 1770 2217; x_wconf 74' lang='lat' dir='ltr'>Aqua</span> 
     </span>
     <span class='ocr_line' id='line_1_35' title="bbox 236 2228 1199 2278; baseline -0.003 -11"><span class='ocrx_word' id='word_1_292' title='bbox 236 2230 388 2268; x_wconf 77' lang='lat' dir='ltr'>Martia</span> <span class='ocrx_word' id='word_1_293' title='bbox 405 2257 416 2277; x_wconf 86' lang='lat'>,</span> <span class='ocrx_word' id='word_1_294' title='bbox 441 2230 575 2267; x_wconf 75' lang='lat' dir='ltr'>Curtia</span> <span class='ocrx_word' id='word_1_295' title='bbox 592 2256 604 2277; x_wconf 84' lang='lat'>,</span> <span class='ocrx_word' id='word_1_296' title='bbox 628 2230 830 2277; x_wconf 76' lang='lat' dir='ltr'>Caerulea,</span> <span class='ocrx_word' id='word_1_297' title='bbox 854 2228 992 2278; x_wconf 83' lang='lat' dir='ltr'>Virgo,</span> <span class='ocrx_word' id='word_1_298' title='bbox 1018 2228 1199 2274; x_wconf 66' lang='lat' dir='ltr'>Alsietina</span> 
     </span>
    </p>

    <p class='ocr_par' dir='ltr' id='par_1_8' title="bbox 236 2278 1773 2572">
     <span class='ocr_line' id='line_1_36' title="bbox 357 2278 1771 2338; baseline -0.003 -14"><span class='ocrx_word' id='word_1_299' title='bbox 357 2286 477 2324; x_wconf 77' lang='lat' dir='ltr'>Versu</span> <span class='ocrx_word' id='word_1_300' title='bbox 504 2301 567 2338; x_wconf 86' lang='lat'>92.</span> <span class='ocrx_word' id='word_1_301' title='bbox 591 2288 761 2336; x_wconf 77' lang='lat' dir='ltr'>Ejusdem</span> <span class='ocrx_word' id='word_1_302' title='bbox 783 2283 1098 2336; x_wconf 60' lang='lat' dir='ltr'>Aquaedueimn.)</span> <span class='ocrx_word' id='word_1_303' title='bbox 1130 2282 1248 2322; x_wconf 87' lang='lat' dir='ltr'>Hunc</span> <span class='ocrx_word' id='word_1_304' title='bbox 1272 2280 1428 2336; x_wconf 88' lang='lat' dir='ltr'>quidem</span> <span class='ocrx_word' id='word_1_305' title='bbox 1448 2280 1627 2333; x_wconf 82' lang='lat' dir='ltr'>aJoanne</span> <span class='ocrx_word' id='word_1_306' title='bbox 1652 2278 1771 2335; x_wconf 85' lang='lat' dir='ltr'>Rege</span> 
     </span>
     <span class='ocr_line' id='line_1_37' title="bbox 237 2336 1771 2393; baseline -0.004 -11"><span class='ocrx_word' id='word_1_307' title='bbox 237 2344 287 2383; x_wconf 78' lang='lat' dir='ltr'>V.</span> <span class='ocrx_word' id='word_1_308' title='bbox 314 2343 558 2392; x_wconf 77' lang='lat' dir='ltr'>inchoatum,</span> <span class='ocrx_word' id='word_1_309' title='bbox 583 2343 848 2382; x_wconf 81' lang='lat' dir='ltr'>continuatum</span> <span class='ocrx_word' id='word_1_310' title='bbox 865 2372 876 2393; x_wconf 85' lang='lat'>‚</span> <span class='ocrx_word' id='word_1_311' title='bbox 901 2354 940 2382; x_wconf 89' lang='lat' dir='ltr'>et</span> <span class='ocrx_word' id='word_1_312' title='bbox 966 2354 1114 2382; x_wconf 83' lang='lat' dir='ltr'>tantum</span> <span class='ocrx_word' id='word_1_313' title='bbox 1140 2354 1216 2380; x_wconf 88' lang='lat' dir='ltr'>non</span> <span class='ocrx_word' id='word_1_314' title='bbox 1240 2340 1480 2390; x_wconf 78' lang='lat' dir='ltr'>ablolutum‚</span> <span class='ocrx_word' id='word_1_315' title='bbox 1507 2338 1673 2391; x_wconf 82' lang='lat' dir='ltr'>antiquis</span> <span class='ocrx_word' id='word_1_316' title='bbox 1685 2336 1771 2377; x_wconf 88' lang='lat' dir='ltr'>Ro-</span> 
     </span>
     <span class='ocr_line' id='line_1_38' title="bbox 237 2395 1772 2454; baseline -0.003 -15"><span class='ocrx_word' id='word_1_317' title='bbox 237 2415 435 2440; x_wconf 85' lang='lat' dir='ltr'>manorum</span> <span class='ocrx_word' id='word_1_318' title='bbox 473 2401 543 2440; x_wconf 83' lang='lat' dir='ltr'>live</span> <span class='ocrx_word' id='word_1_319' title='bbox 579 2400 801 2440; x_wconf 72' lang='lat' dir='ltr'>difficultate</span> <span class='ocrx_word' id='word_1_320' title='bbox 824 2401 951 2454; x_wconf 77' lang='lat' dir='ltr'>operis</span> <span class='ocrx_word' id='word_1_321' title='bbox 974 2429 985 2451; x_wconf 87' lang='lat'>,</span> <span class='ocrx_word' id='word_1_322' title='bbox 1020 2399 1090 2439; x_wconf 84' lang='lat' dir='ltr'>five</span> <span class='ocrx_word' id='word_1_323' title='bbox 1133 2396 1301 2452; x_wconf 77' lang='lat' dir='ltr'>impensa</span> <span class='ocrx_word' id='word_1_324' title='bbox 1327 2428 1339 2449; x_wconf 81' lang='grc'>,</span> <span class='ocrx_word' id='word_1_325' title='bbox 1387 2397 1457 2436; x_wconf 83' lang='lat' dir='ltr'>live</span> <span class='ocrx_word' id='word_1_326' title='bbox 1488 2395 1772 2452; x_wconf 80' lang='lat' dir='ltr'>magnificentia</span> 
     </span>
     <span class='ocr_line' id='line_1_39' title="bbox 236 2453 1772 2511; baseline -0.003 -14"><span class='ocrx_word' id='word_1_327' title='bbox 236 2458 357 2497; x_wconf 81' lang='lat' dir='ltr'>nihilo</span> <span class='ocrx_word' id='word_1_328' title='bbox 384 2458 599 2498; x_wconf 73' lang='lat' dir='ltr'>inferiorem</span> <span class='ocrx_word' id='word_1_329' title='bbox 626 2457 776 2498; x_wconf 81' lang='lat' dir='ltr'>dixeris.</span> <span class='ocrx_word' id='word_1_330' title='bbox 810 2457 1106 2498; x_wconf 74' lang='lat' dir='ltr'>Laudatiffimos</span> <span class='ocrx_word' id='word_1_331' title='bbox 1129 2471 1221 2496; x_wconf 86' lang='lat' dir='ltr'>vero</span> <span class='ocrx_word' id='word_1_332' title='bbox 1253 2457 1432 2511; x_wconf 77' lang='lat' dir='ltr'>antiquae</span> <span class='ocrx_word' id='word_1_333' title='bbox 1453 2453 1606 2494; x_wconf 68' lang='lat' dir='ltr'>Romae</span> <span class='ocrx_word' id='word_1_334' title='bbox 1621 2454 1772 2507; x_wconf 87' lang='lat' dir='ltr'>Aquae-</span> 
     </span>
     <span class='ocr_line' id='line_1_40' title="bbox 239 2511 1773 2572; baseline -0.004 -17"><span class='ocrx_word' id='word_1_335' title='bbox 239 2514 373 2556; x_wconf 60' lang='lat' dir='ltr'>dnffiis</span> <span class='ocrx_word' id='word_1_336' title='bbox 409 2530 486 2557; x_wconf 81' lang='lat' dir='ltr'>non</span> <span class='ocrx_word' id='word_1_337' title='bbox 522 2516 675 2557; x_wconf 85' lang='lat' dir='ltr'>aliunde</span> <span class='ocrx_word' id='word_1_338' title='bbox 710 2516 846 2557; x_wconf 80' lang='lat' dir='ltr'>melius</span> <span class='ocrx_word' id='word_1_339' title='bbox 881 2517 1060 2572; x_wconf 79' lang='lat' dir='ltr'>agnoscet</span> <span class='ocrx_word' id='word_1_340' title='bbox 1091 2513 1279 2571; x_wconf 78' lang='lat' dir='ltr'>quispiam</span> <span class='ocrx_word' id='word_1_341' title='bbox 1300 2544 1314 2568; x_wconf 78' lang='lat'>‚</span> <span class='ocrx_word' id='word_1_342' title='bbox 1352 2527 1469 2569; x_wconf 82' lang='lat' dir='ltr'>quam</span> <span class='ocrx_word' id='word_1_343' title='bbox 1490 2528 1510 2554; x_wconf 85' lang='lat' dir='ltr'>e</span> <span class='ocrx_word' id='word_1_344' title='bbox 1530 2512 1629 2566; x_wconf 87' lang='lat' dir='ltr'>Julii</span> <span class='ocrx_word' id='word_1_345' title='bbox 1652 2511 1773 2552; x_wconf 84' lang='lat' dir='ltr'>Fron-</span> 
     </span>
    </p>

    <p class='ocr_par' dir='ltr' id='par_1_9' title="bbox 1696 2580 1745 2609">
     <span class='ocr_line' id='line_1_41' title="bbox 1696 2580 1745 2609; baseline -0.02 0"><span class='ocrx_word' id='word_1_346' title='bbox 1696 2580 1745 2609; x_wconf 79' lang='lat' dir='ltr'>tl.-</span> 
     </span>
    </p>
   </div>
  </div>
 </body>
</html>
