2002 3073
580 227 672 278 AD
710 226 1020 278 TABULAM
1054 225 1412 279 SacuNnAm.
1652 253 1716 301 29

343 324 463 367 Versu
485 341 571 381 135.
596 329 744 366 Maltos
767 332 880 367 etiam
904 329 948 365 de
964 328 1075 378 plebe
1098 337 1137 365 et
1157 329 1346 367 natalibus
1371 330 1544 381 retinui,
1569 340 1608 369 et
1631 335 1681 370 ad
1692 336 1752 373 Se—

221 388 408 424 natorium
433 390 540 425 evexi
561 386 751 436 ordinem.)
774 385 817 425 N
820 383 982 424 atalibus
994 383 1136 423 restitui
1159 385 1396 425 aVeteribus
1408 387 1518 427 ICtis
1545 386 1576 426 is
1588 387 1756 441 dicitnr,

224 442 290 496 qui
315 457 335 481 a
361 442 535 496 Principe
571 444 609 481 in
633 443 909 497 ingenuitatem
942 441 1128 481 adseritur
1151 470 1163 492 ‚
1197 452 1239 481 et
1263 442 1362 495 quasi
1389 445 1586 496 primaevo
1613 445 1753 486 Homi-

221 513 313 538 num
338 499 447 539 statui
473 499 658 539 redditur.
701 501 794 551 Qio
818 499 944 539 multo
969 499 1092 539 adhuc
1115 498 1350 552 splendidius
1377 513 1417 540 et
1441 502 1752 545 honorificentius

221 555 272 597 est
300 558 337 596 in
364 556 610 598 Senatorium
634 556 785 598 adscisci
811 557 985 597 ordinem
1008 570 1020 608 3
1052 567 1190 610 utpote
1212 558 1318 610 cujus
1346 569 1450 598 tanta
1477 560 1577 614 apud
1604 560 1752 603 Roma-

224 628 293 653 nos
335 613 505 668 dignitas
539 628 621 655 erat
643 644 654 665 ‚
691 627 735 655 ut
757 614 985 655 Senatorum
1019 614 1194 654 ordinem
1230 615 1359 669 passim
1385 617 1555 658 vocitent
1578 617 1752 661 Romani

224 670 439 725 Scriptores
464 677 743 726 mizpliffimum,
775 684 819 712 ut
843 672 985 712 Cicero
1010 672 1048 711 in
1074 671 1264 712 Oratione
1281 685 1353 725 pro
1379 677 1544 715 Cluentio
1559 705 1571 726 ,
1606 687 1646 717 et
1670 677 1753 718 Lex

224 743 286 769 21.
311 729 363 768 D.
393 732 454 769 De
480 735 614 783 Legat.
656 730 856 770 Senatores
882 744 972 769 vero
1010 732 1222 781 clariffi‘mos
1258 730 1392 771 haberi
1425 744 1464 771 et
1489 732 1565 772 dici
1587 734 1753 774 voluerit

223 786 440 827 Alexander
465 787 649 839 Severus,
679 788 768 827 teste
794 786 1024 841 Lampridio
1048 788 1086 826 in
1110 788 1190 840 ejus
1213 789 1291 828 vita
1320 803 1401 843 cap.
1431 805 1494 830 21.
1526 790 1644 830 Unde
1668 794 1753 831 Cla—

222 847 425 894 riffimatus
449 848 632 898 Dignitas
654 844 778 899 postea
801 844 948 885 invefflca
973 859 1068 885 aevo
1092 845 1359 897 Constantini,
1384 846 1432 886 de
1457 861 1530 901 qua
1556 849 1749 890 Ammian.

222 901 395 941 Marcell.
421 902 507 942 Lib.
534 916 606 943 xx1.
635 918 716 957 cap.
741 919 801 956 31.
832 903 883 942 Et
910 904 947 942 in
973 902 1082 958 Lege
1111 918 1146 952 ς.
1178 904 1281 944 Cod.
1305 907 1367 944 De
1389 908 1579 945 Proximis
1604 910 1753 947 Sacror.

222 961 395 999 Scrinior·.
433 960 523 999 Fuit
546 973 671 1001 autern
696 961 787 1000 haec
811 963 1058 1015 antiquorum
1082 960 1289 1001 Caesarum
1319 977 1407 1002 cura
1431 964 1634 1017 praecipua
1659 994 1670 1014 ‚
1704 979 1752 1005 ex

219 1015 365 1069 plebeis
390 1033 499 1057 novos
525 1022 698 1058 Homines
724 1018 847 1058 facere
872 1049 884 1069 ,
920 1033 965 1059 ex
986 1018 1095 1059 novis
1119 1018 1355 1059 Hominibus
1380 1023 1568 1062 Patricios
1594 1021 1751 1076 adlege-

222 1087 261 1113 rc
285 1088 296 1122 ς
337 1074 439 1127 quod
465 1075 512 1115 de
530 1076 639 1126 julio
663 1075 826 1116 Caesare
850 1089 980 1130 aperte
1007 1075 1126 1116 tradit
1149 1077 1354 1117 Suetonius
1391 1092 1472 1130 cap.
1500 1094 1562 1128 41.
1599 1078 1646 1118 de
1670 1082 1751 1120 Au-

219 1131 328 1184 gusto
353 1132 461 1171 Dion
485 1133 628 1173 Caffius
654 1134 773 1173 Libro
799 1146 855 1174 Lu.
891 1134 939 1174 de
968 1132 1193 1187 Vespasiano
1225 1135 1402 1176 Aurelius
1428 1137 1464 1175 V
1468 1135 1563 1175 istor
1601 1137 1639 1175 in
1665 1139 1753 1176 Cae-

209 1192 375 1240 saribus.
406 1190 536 1244 Atque
560 1205 606 1230 ex
631 1192 687 1230 his
714 1206 809 1230 unus
835 1191 907 1231 fuit
929 1191 1086 1231 Marcus
1113 1191 1268 1231 Tullius
1294 1192 1463 1243 Cicero,
1494 1207 1608 1247 quem
1637 1194 1751 1233 nullis

221 1247 411 1286 natalibus
447 1249 757 1289 commendatum
791 1249 840 1289 ad
864 1249 1049 1288 summam
1078 1248 1310 1289 Consulatus
1335 1249 1582 1304 Dignitatem
1614 1266 1748 1307 prove-

221 1305 276 1344 xit
300 1304 451 1359 insignis
475 1321 624 1346 morum
650 1307 847 1362 probitas,
869 1318 908 1348 et
930 1306 1126 1362 singularis
1149 1310 1189 1346 in
1212 1306 1377 1347 dicendo
1401 1307 1591 1351 facundia.

409 1419 642 1462 NOTAE
684 1419 779 1461 AD
822 1422 1167 1464 TABULAM
1207 1421 1560 1464 TERTIAM.

221 1533 337 1634 V
353 1534 448 1574 Ersu
475 1550 507 1575 1.
541 1539 598 1575 Et
634 1540 779 1588 quidem
810 1538 1080 1590 provocatus.)
1118 1538 1274 1592 Spef'cat
1297 1539 1370 1579 hoc
1395 1538 1442 1579 ad
1459 1538 1644 1592 justitiam
1670 1539 1748 1581 bel-

225 1626 229 1628 ,
354 1593 405 1643 li,
436 1592 759 1647 quemadmodum
787 1595 882 1633 illud
906 1595 1078 1635 Suetonii
1101 1597 1149 1636 de
1173 1596 1347 1650 Augusto
1371 1612 1451 1651 cap.
1483 1613 1545 1638 21.
1576 1599 1655 1638 Nec
1676 1600 1749 1638 ulli

219 1655 328 1704 genti
340 1653 420 1699 stne
434 1653 551 1701 jus‘iis
574 1662 612 1690 et
635 1653 841 1702 ueceffariis
865 1654 979 1700 causts
1007 1655 1141 1691 bellum
1165 1657 1309 1693 intulit.
1347 1653 1423 1694 His
1448 1655 1561 1695 causis
1585 1657 1748 1696 interve-

222 1709 416 1747 nientibus
431 1711 575 1758 jurium
590 1711 770 1761 piumque
795 1712 930 1748 bellum
954 1708 1132 1748 dicebant
1154 1708 1351 1763 Romani,
1375 1723 1419 1752 ut
1442 1727 1488 1752 ex
1509 1713 1624 1754 Livio
1647 1714 1747 1754 aliis-

223 1780 297 1820 que
322 1778 470 1806 notum.

344 1823 465 1863 Versu
492 1840 554 1877 23.
583 1827 811 1876 Lec'iiffimus
823 1828 971 1878 semper
995 1826 1211 1877 exercitus.)
1242 1825 1304 1865 Sic
1331 1829 1558 1879 Lec'iiffi‘mus
1579 1830 1620 1867 V
1616 1832 1653 1867 ir
1677 1827 1749 1868 Ci-

222 1883 350 1921 ceroni
380 1883 540 1922 Vei-rina
566 1895 610 1921 111.
636 1897 716 1937 cap.
748 1890 780 1922 6.
811 1886 1036 1934 Lec'iiſjimus
1058 1887 1246 1934 Juvenum
1280 1883 1405 1924 Statio
1430 1886 1515 1926 Lib.
1542 1899 1579 1926 v.
1610 1885 1700 1925 Silv.
1724 1897 1746 1925 Ι.

344 1939 463 1979 Versu
493 1942 554 1992 38.
593 1943 647 1979 Et
672 1956 726 1980 me
751 1944 845 1979 mira
869 1952 953 1980 arte
988 1957 1030 1981 ac
1044 1943 1238 1989 felicitate
1271 1957 1316 1981 ex
1339 1957 1424 1981 aere
1437 1944 1640 1995 ficderat.)
1669 1942 1745 1982 Pli-

221 1998 305 2037 nius
331 1997 417 2037 Lib.
441 2010 566 2036 :xxxnn
592 2012 674 2051 cap.
705 2002 737 2037 8.
769 2001 999 2049 Theodotus,
1031 2003 1095 2051 qui
1120 2002 1390 2051 Labyrinthum
1400 2001 1499 2047 fecit
1523 2003 1622 2039 Smni
1638 2029 1650 2051 ,
1675 2003 1748 2052 ipse}

211 2057 254 2106 J}
279 2070 326 2094 ex
355 2071 441 2095 acre
461 2056 580 2101 finiit.
629 2060 703 2095 Ars
728 2068 853 2096 autem
879 2069 917 2097 et
941 2057 1101 2097 felicitas
1127 2057 1295 2096 Lusitani
1320 2056 1502 2096 Statuarii
1535 2058 1572 2096 in
1597 2071 1643 2096 eo
1667 2058 1747 2096 elu-

221 2115 277 2152 xit
298 2143 309 2162 ,
344 2112 446 2165 quod
470 2112 557 2152 oCto
580 2114 814 2154 minutorum
838 2114 958 2168 spatio
985 2130 1056 2155 una
1081 2127 1194 2169 atque
1219 2113 1353 2154 eadem
1377 2113 1500 2154 fusura
1527 2112 1747 2154 insidentem

222 2185 321 2224 equo
347 2169 501 2225 Regem
526 2171 696 2224 expreffit
719 2202 732 2224 ,
769 2173 872 2212 nulla
894 2173 955 2214 vel
978 2174 1135 2213 minima
1156 2172 1354 2213 deficiente
1379 2171 1564 2227 particula
1590 2185 1654 2212 aut
1678 2186 1743 2212 na·-

221 2239 354 2277 turae,
379 2242 445 2267 aut
470 2241 637 2268 ornatus.
1428 2282 1432 2284 Y

343 2285 462 2325 Versu
489 2303 551 2336 40.
587 2290 887 2339 Splendidiffimis
911 2293 1071 2329 militiae
1095 2291 1295 2341 insignibus
1331 2299 1368 2328 et
1396 2292 1536 2341 duplici
1563 2291 1745 2341 stipendio

221 2345 444 2395 honestavi.)
476 2344 661 2384 Similiter
685 2345 826 2385 Coloffi
855 2346 1067 2387 Neroniani
1091 2345 1339 2387 Refe&orem
1377 2349 1507 2398 infigni
1533 2350 1745 2398 congiario,

221 2415 426 2453 ’linguaque
451 2407 613 2442 mercede
639 2406 790 2443 donavit
814 2404 1056 2457 Vespasianus
1081 2435 1093 2457 ,
1131 2417 1174 2445 ut
1199 2403 1301 2458 apud
1327 2404 1550 2444 Suetonium
1579 2405 1745 2459 legimus

361 2462 379 2477 s)

221 2472 302 2512 cap.
333 2473 392 2498 10.

339 2516 460 2558 Versu
495 2533 557 2569 52.
605 2522 667 2560 Mi
694 2536 727 2560 bs·
765 2523 911 2561 Civium
946 2522 1152 2576 Coloniis.)
1205 2521 1341 2576 Digna
1378 2519 1526 2576 semper
1568 2520 1744 2561 maximis

1060 2579 1097 2620 lt
1609 2577 1717 2618 Prin-
