2002 3073
344 326 608 377 NOTAE
655 326 762 377 AD
807 323 1207 378 SINGULAS
1251 325 1607 379 TABULAS

473 428 923 488 STATUAE
986 427 1487 489 VOCALIS.

364 678 615 730 Ancyranum
641 678 945 719 Commentariis
968 676 1042 716 suis
1066 676 1299 717 illustrarunt
1324 678 1461 718 summi
1486 680 1524 719 in
1549 679 1742 735 Republi-

367 750 408 774 ca
436 735 644 776 Litteraria
669 737 766 784 viri,
792 734 921 786 Justus
944 733 1117 786 Lipsius,
1143 734 1292 775 Isaacus
1318 735 1594 788 casaubonus,
1621 738 1742 788 Joan-

200 807 266 833 nes
292 793 509 833 Frideticus
535 793 780 843 Gronovius,
806 803 920 847 atque
933 791 1162 832 Edmundus
1176 791 1395 836 Chisullus:
1419 795 1535 846 (nam
1560 806 1648 835 ante
1672 809 1744 849 pu-

199 852 384 891 blicatum
400 851 771 891 'I'ournefortianum
785 849 992 905 Exemplar
1003 879 1015 901 ‚
1036 850 1161 890 multo
1174 851 1390 905 antiquiora
1414 851 1487 891 alia
1502 863 1592 892 nota
1606 864 1715 893 erant
1729 883 1742 904 ‚

201 923 431 964 quamquam
457 923 532 948 non
557 910 610 949 ita
637 910 813 963 integra,
839 923 960 963 neque
988 909 1042 948 ita
1068 908 1269 949 emendata
1286 910 1324 960 z)
1349 909 1408 949 Ita
1434 909 1601 950 nostrum
1625 911 1742 951 hocce

201 967 248 1007 ad
274 966 386 1006 instar
410 967 511 1006 illius
535 966 777 1007 efformatum
802 967 1041 1007 Breviarium
1055 965 1207 1006 Rerum
1221 965 1422 1007 Gestarum
1437 968 1599 1022 Josephi
1622 969 1743 1024 Mag-

199 1025 344 1064 nanimi
369 1023 635 1064 Lusitanorum
660 1024 811 1080 Regis,
849 1025 981 1079 paucis
1004 1034 1046 1064 et
1069 1023 1214 1064 seleffls
1239 1024 1359 1065 Notis
1383 1025 1591 1077 illustrare,
1618 1026 1741 1066 visum

199 1083 309 1122 nobis
334 1081 384 1122 est
409 1097 549 1135 operae
574 1083 741 1136 pretium
767 1097 777 1133 3
812 1083 1034 1136 praesertim
1060 1082 1109 1121 ad
1130 1097 1174 1122 ea
1197 1084 1350 1136 capita,
1388 1083 1453 1123 ubi
1477 1085 1633 1124 maximi
1658 1083 1740 1123 Re-

199 1142 260 1195 gis
285 1140 356 1180 ssve
381 1140 554 1180 Instituta
568 1170 581 1192 ‚
605 1140 676 1181 five
701 1139 859 1195 Opera,
887 1140 1133 1194 antiquorum
1156 1139 1427 1181 Romanorum
1453 1142 1741 1197 comparatione

200 1198 327 1253 magis
350 1197 512 1238 elucent.

206 609 686 781 Qllemadmodum
722 618 873 659 Rerum
909 619 955 659 ab
990 617 1164 673 Augusto
1199 617 1400 660 Gestarum
1436 620 1742 663 Monumentum

418 1312 656 1355 NOTAE
697 1314 790 1356 AD
832 1313 1178 1355 TABULAM
1218 1313 1521 1358 PRIMAM.

331 1427 427 1468 Ersu
463 1445 498 1479 7.
532 1431 767 1478 Maiestatem
801 1447 844 1470 ac
867 1434 1092 1483 dignitatem
1127 1435 1228 1484 regii
1261 1436 1415 1472 nominis
1451 1435 1488 1471 in
1513 1435 1556 1484 fi·
1587 1429 1742 1485 collige-4

331 1488 450 1538 rem.)
481 1487 573 1527 Dici
596 1486 644 1527 de
668 1487 792 1527 nostro
818 1488 993 1541 Principe
1017 1504 1092 1528 non
1116 1491 1241 1530 minus
1264 1504 1374 1541 vere,
1398 1504 1513 1544 quam
1540 1489 1738 1545 eleganter

200 1544 322 1599 potest
338 1574 349 1595 ‚
380 1543 484 1598 quod
510 1544 558 1584 de
581 1545 807 1598 Vespasiano
832 1545 974 1599 scripfit
999 1545 1203 1586 Suetonius
1230 1560 1239 1586 :
1274 1551 1464 1588 Incertum
1486 1550 1549 1586 diu
1573 1558 1610 1586 et
1634 1549 1740 1599 quast

201 1617 341 1655 vagum
364 1605 560 1654 imperium
571 1605 732 1653 figfcepit
756 1606 925 1651 tandem,
949 1607 1214 1655 firmavitque.
1248 1604 1331 1644 Nifi
1354 1605 1457 1659 quod
1482 1616 1569 1645 ante
1593 1604 1738 1659 Vespa·-

200 1659 341 1699 fiauum
366 1659 550 1699 vacillasse
587 1673 630 1698 ae
654 1659 796 1699 nutaffe
822 1660 1025 1711 imperium
1047 1659 1188 1699 dicitur
1210 1663 1424 1702 Rebellione
1449 1666 1567 1702 trium
1592 1665 1737 1703 Princi-

193 1730 311 1771 pum,
334 1717 482 1757 Galbae
508 1716 711 1767 videlicet,
737 1717 908 1756 Othonis
922 1746 934 1768 ‚
955 1728 994 1756 et
1019 1717 1175 1757 Vitelii:
1211 1730 1299 1758 ante
1315 1718 1531 1774 Josephum
1553 1734 1645 1762 vero
1667 1734 1737 1762 no-

200 1776 314 1815 strum
340 1775 542 1814 vacillabat
565 1786 604 1815 et
630 1775 790 1815 nutabat
814 1773 1000 1829 Regnum
1024 1773 1268 1815 Faffionibus
1291 1776 1529 1816 Aulicorum.

323 1833 441 1872 Versu
475 1849 532 1881 ¹7·
570 1835 632 1872 Ad
656 1836 880 1872 civilitatem
903 1844 940 1872 et
967 1835 1154 1872 meliorem
1169 1833 1327 1886 frugem
1351 1834 1600 1884 reducerem.)
1626 1834 1738 1874 Civi-

202 1892 288 1931 litas
323 1892 360 1930 iu
387 1890 602 1944 Republica
636 1902 675 1931 et
699 1890 890 1930 Societate
911 1890 1075 1931 humana
1109 1891 1230 1931 virtus
1255 1891 1460 1946 praecipua
1494 1893 1534 1930 in
1564 1905 1611 1931 eo
1647 1906 1737 1931 con-

201 1950 312 1999 fistit,
351 1961 391 1988 ut
416 1961 547 1988 mutua
572 1948 682 1988 nobis
706 1948 826 1988 officia
851 1947 948 1989 alter
973 1949 1083 1988 alteri
1105 1947 1335 2002 praestemus
1355 1978 1367 2000 ‚
1402 1960 1599 2003 tamquam
1623 1949 1736 1990 unius

201 2019 316 2061 atque
346 2006 514 2058 ejusdcm
545 2008 715 2060 corporis
744 2007 924 2046 membra.
969 2007 1101 2058 Qlare
1125 2005 1289 2046 necdum
1314 2007 1352 2045 in
1377 2007 1530 2060 privato
1554 2006 1736 2057 homine,

202 2065 263 2105 sed
290 2064 347 2104 vel
373 2065 413 2103 in
436 2063 611 2118 Principe
637 2064 718 2117 ipso
741 2065 966 2104 civilitatem
993 2065 1155 2104 maxime
1182 2063 1413 2104 laudandam
1438 2063 1578 2103 docent
1601 2063 1737 2103 Politi-

199 2124 233 2162 ci
259 2123 484 2175 Scriptores.
527 2121 705 2161 Laudant
730 2134 831 2162 certe
856 2123 894 2162 in
918 2122 1092 2178 Augusto
1118 2120 1322 2161 Suetonius
1349 2135 1360 2172 3
1395 2121 1435 2160 in
1459 2119 1632 2173 Trajano
1657 2121 1736 2161 Pli-

199 2182 305 2231 nius3
330 2182 366 2219 iu
388 2181 588 2220 Antonino
608 2179 677 2218 Pio
703 2180 976 2233 Capitolinus3
1001 2183 1039 2220 in
1064 2178 1285 2219 Alexandro
1307 2178 1450 2219 Severo
1474 2177 1734 2232 Lampridius.

320 2237 442 2278 Versu
467 2253 530 2290 23.
556 2241 753 2277 Sacrorum
767 2242 992 2278 Scriniormn
1006 2237 1230 2289 NIagistJ-O.)
1261 2236 1324 2277 Sic
1348 2251 1394 2277 ex
1418 2250 1526 2282 more
1553 2237 1734 2291 antiquae

200 2296 323 2336 Aulae
348 2295 553 2336 Romanae
575 2307 688 2335 vocat
714 2310 801 2335 eum
815 2325 826 2345 ‚
849 2310 962 2350 quem
985 2295 1100 2335 hodie
1123 2310 1143 2335 a
1164 2297 1416 2335 Santfiioribus
1429 2297 1592 2335 Arcanis
1613 2294 1734 2349 vulgo

201 2353 373 2393 dicimus.
406 2353 458 2393 Et
482 2365 570 2394 ante
594 2365 768 2408 tempora
795 2353 949 2408 quidem
965 2354 1126 2406 Joannis
1142 2352 1267 2407 Regis
1282 2354 1331 2394 V.
1355 2366 1451 2392 unus
1477 2363 1626 2391 tantum
1650 2363 1734 2392 erat

201 2425 220 2451 a
236 2415 484 2452 Sanffioribus
499 2415 671 2451 Arcanis.
700 2411 884 2451 Extremo
898 2423 1025 2452 autem
1039 2411 1259 2465 Principatu
1272 2410 1339 2450 suo
1352 2421 1428 2457 tres
1442 2409 1507 2450 ille
1526 2410 1598 2449 effe
1610 2409 1735 2450 voluit

200 2483 272 2521 pro
306 2469 447 2522 triplici
483 2470 744 2524 Negotiorum
773 2469 1018 2510 Publicorum
1042 2469 1205 2521 Claffe3
1243 2482 1361 2508 unum
1397 2482 1469 2522 pro
1503 2466 1734 2509 Domesticis

200 2525 358 2581 Regni3
383 2526 545 2583 alterum
571 2542 642 2583 pro
667 2528 904 2580 Maritimis3
934 2528 1089 2569 tertium
1116 2541 1188 2582 pro
1213 2525 1363 2568 Exteris
1388 2536 1428 2566 et
1450 2525 1617 2567 Bellicis.

1068 2585 1087 2626 Ι
1625 2581 1704 2623 Ce-
