<?xml version="1.0" encoding="UTF-8"?>
<!DOCTYPE html PUBLIC "-//W3C//DTD XHTML 1.0 Transitional//EN"
    "http://www.w3.org/TR/xhtml1/DTD/xhtml1-transitional.dtd">
<html xmlns="http://www.w3.org/1999/xhtml" xml:lang="en" lang="en">
 <head>
  <title>
</title>
<meta http-equiv="Content-Type" content="text/html;charset=utf-8" />
  <meta name='ocr-system' content='tesseract 3.04.00' />
  <meta name='ocr-capabilities' content='ocr_page ocr_carea ocr_par ocr_line ocrx_word'/>
</head>
<body>
  <div class='ocr_page' id='page_1' title='image "./josephimagnanimi00figu_0014.png"; bbox 0 0 2002 3073; ppageno 0'>
   <div class='ocr_carea' id='block_1_1' title="bbox 307 207 1341 281">
    <p class='ocr_par' dir='ltr' id='par_1_1' title="bbox 307 207 1341 281">
     <span class='ocr_line' id='line_1_1' title="bbox 307 207 1341 281; baseline 0 -26"><span class='ocrx_word' id='word_1_1' title='bbox 307 233 339 281; x_wconf 86' lang='lat'>4</span> <span class='ocrx_word' id='word_1_2' title='bbox 716 208 989 274; x_wconf 80' lang='lat' dir='ltr'>JOSEPHI</span> <span class='ocrx_word' id='word_1_3' title='bbox 1040 207 1341 257; x_wconf 80' lang='lat' dir='ltr'>MAGNAN.</span> 
     </span>
    </p>
   </div>
   <div class='ocr_carea' id='block_1_2' title="bbox 273 300 1808 2588">
    <p class='ocr_par' dir='ltr' id='par_1_2' title="bbox 273 300 1807 1840">
     <span class='ocr_line' id='line_1_2' title="bbox 273 300 1796 370; baseline -0.005 -11"><span class='ocrx_word' id='word_1_4' title='bbox 273 304 727 370; x_wconf 58' lang='lat' dir='ltr'>INDICEMQUE</span> <span class='ocrx_word' id='word_1_5' title='bbox 784 301 1164 352; x_wconf 72' lang='lat' dir='ltr'>LIBRORUM</span> <span class='ocrx_word' id='word_1_6' title='bbox 1211 300 1796 362; x_wconf 75' lang='lat' dir='ltr'>PROHIBITORUM,</span> 
     </span>
     <span class='ocr_line' id='line_1_3' title="bbox 273 383 1797 455; baseline -0.004 -16"><span class='ocrx_word' id='word_1_7' title='bbox 273 388 647 455; x_wconf 75' lang='lat' dir='ltr'>TAMQUAM</span> <span class='ocrx_word' id='word_1_8' title='bbox 693 386 918 436; x_wconf 86' lang='lat' dir='ltr'>REGIIS</span> <span class='ocrx_word' id='word_1_9' title='bbox 944 384 1236 451; x_wconf 70' lang='lat' dir='ltr'>JURIBUS</span> <span class='ocrx_word' id='word_1_10' title='bbox 1279 383 1797 443; x_wconf 84' lang='lat' dir='ltr'>INSULTANTES,</span> 
     </span>
     <span class='ocr_line' id='line_1_4' title="bbox 274 466 1797 534; baseline -0.003 -14"><span class='ocrx_word' id='word_1_11' title='bbox 274 472 352 520; x_wconf 89' lang='lat' dir='ltr'>IN</span> <span class='ocrx_word' id='word_1_12' title='bbox 383 470 810 520; x_wconf 82' lang='lat' dir='ltr'>PERPETUUM</span> <span class='ocrx_word' id='word_1_13' title='bbox 842 466 1083 534; x_wconf 84' lang='lat' dir='ltr'>REJECI.</span> <span class='ocrx_word' id='word_1_14' title='bbox 1123 467 1387 516; x_wconf 84' lang='lat' dir='ltr'>NOVAM</span> <span class='ocrx_word' id='word_1_15' title='bbox 1411 466 1797 517; x_wconf 78' lang='lat' dir='ltr'>REGIORUM</span> 
     </span>
     <span class='ocr_line' id='line_1_5' title="bbox 275 549 1798 610; baseline -0.003 -8"><span class='ocrx_word' id='word_1_16' title='bbox 275 553 673 604; x_wconf 72' lang='lat' dir='ltr'>CENSORUM</span> <span class='ocrx_word' id='word_1_17' title='bbox 717 551 1004 602; x_wconf 76' lang='lat' dir='ltr'>CURIAM</span> <span class='ocrx_word' id='word_1_18' title='bbox 1046 549 1409 600; x_wconf 85' lang='lat' dir='ltr'>OLISIPONE</span> <span class='ocrx_word' id='word_1_19' title='bbox 1453 549 1798 610; x_wconf 87' lang='lat' dir='ltr'>INSTITUI,</span> 
     </span>
     <span class='ocr_line' id='line_1_6' title="bbox 276 632 1800 694; baseline -0.003 -9"><span class='ocrx_word' id='word_1_20' title='bbox 276 635 398 686; x_wconf 91' lang='lat' dir='ltr'>CUI</span> <span class='ocrx_word' id='word_1_21' title='bbox 436 636 647 686; x_wconf 87' lang='lat' dir='ltr'>ILLUD</span> <span class='ocrx_word' id='word_1_22' title='bbox 678 633 1120 685; x_wconf 78' lang='lat' dir='ltr'>PRAESERTIM</span> <span class='ocrx_word' id='word_1_23' title='bbox 1159 633 1398 683; x_wconf 82' lang='lat' dir='ltr'>CURAE</span> <span class='ocrx_word' id='word_1_24' title='bbox 1436 634 1661 694; x_wconf 81' lang='lat' dir='ltr'>ESSET,</span> <span class='ocrx_word' id='word_1_25' title='bbox 1700 632 1800 683; x_wconf 90' lang='lat' dir='ltr'>UT</span> 
     </span>
     <span class='ocr_line' id='line_1_7' title="bbox 275 715 1801 782; baseline -0.002 -15"><span class='ocrx_word' id='word_1_26' title='bbox 275 718 660 769; x_wconf 74' lang='lat' dir='ltr'>SUPPRESSIS</span> <span class='ocrx_word' id='word_1_27' title='bbox 691 717 910 768; x_wconf 86' lang='lat' dir='ltr'>LIBRIS</span> <span class='ocrx_word' id='word_1_28' title='bbox 942 716 1213 766; x_wconf 71' lang='lat' dir='ltr'>PRAVAE</span> <span class='ocrx_word' id='word_1_29' title='bbox 1242 715 1648 782; x_wconf 72' lang='lat' dir='ltr'>NOXIAEQUE</span> <span class='ocrx_word' id='word_1_30' title='bbox 1679 715 1801 764; x_wconf 77' lang='lat' dir='ltr'>DO-</span> 
     </span>
     <span class='ocr_line' id='line_1_8' title="bbox 276 799 1802 863; baseline -0.003 -13"><span class='ocrx_word' id='word_1_31' title='bbox 276 800 627 863; x_wconf 81' lang='lat' dir='ltr'>CTRINAE,</span> <span class='ocrx_word' id='word_1_32' title='bbox 669 801 716 849; x_wconf 89' lang='lat' dir='ltr'>II</span> <span class='ocrx_word' id='word_1_33' title='bbox 745 800 1062 849; x_wconf 79' lang='lat' dir='ltr'>TANTUM</span> <span class='ocrx_word' id='word_1_34' title='bbox 1094 800 1169 849; x_wconf 86' lang='lat' dir='ltr'>IN</span> <span class='ocrx_word' id='word_1_35' title='bbox 1201 799 1578 850; x_wconf 74' lang='lat' dir='ltr'>LUSITANIA</span> <span class='ocrx_word' id='word_1_36' title='bbox 1608 799 1802 847; x_wconf 80' lang='lat' dir='ltr'>LEGE-</span> 
     </span>
     <span class='ocr_line' id='line_1_9' title="bbox 274 881 1802 951; baseline -0.002 -18"><span class='ocrx_word' id='word_1_37' title='bbox 274 883 579 934; x_wconf 81' lang='lat' dir='ltr'>RENTUR</span> <span class='ocrx_word' id='word_1_38' title='bbox 598 923 612 947; x_wconf 83' lang='lat'>‚</span> <span class='ocrx_word' id='word_1_39' title='bbox 641 883 768 951; x_wconf 73' lang='lat' dir='ltr'>QUI</span> <span class='ocrx_word' id='word_1_40' title='bbox 799 883 886 932; x_wconf 89' lang='lat' dir='ltr'>ET</span> <span class='ocrx_word' id='word_1_41' title='bbox 917 882 1234 933; x_wconf 71' lang='lat' dir='ltr'>MORIBUS</span> <span class='ocrx_word' id='word_1_42' title='bbox 1263 883 1534 943; x_wconf 85' lang='lat' dir='ltr'>UTILES,</span> <span class='ocrx_word' id='word_1_43' title='bbox 1574 881 1661 930; x_wconf 89' lang='lat' dir='ltr'>ET</span> <span class='ocrx_word' id='word_1_44' title='bbox 1690 882 1802 930; x_wconf 85' lang='lat' dir='ltr'>RE-</span> 
     </span>
     <span class='ocr_line' id='line_1_10' title="bbox 275 964 1803 1016; baseline 0 -4"><span class='ocrx_word' id='word_1_45' title='bbox 275 965 551 1016; x_wconf 87' lang='lat' dir='ltr'>LIGIONI</span> <span class='ocrx_word' id='word_1_46' title='bbox 617 967 709 1016; x_wconf 82' lang='lat' dir='ltr'>AC</span> <span class='ocrx_word' id='word_1_47' title='bbox 768 965 1221 1015; x_wconf 83' lang='lat' dir='ltr'>REIPUBLICAE</span> <span class='ocrx_word' id='word_1_48' title='bbox 1277 965 1638 1015; x_wconf 72' lang='lat' dir='ltr'>PRAESIDIO</span> <span class='ocrx_word' id='word_1_49' title='bbox 1695 964 1803 1013; x_wconf 85' lang='lat' dir='ltr'>FO-</span> 
     </span>
     <span class='ocr_line' id='line_1_11' title="bbox 275 1046 1802 1099; baseline 0.001 -3"><span class='ocrx_word' id='word_1_50' title='bbox 275 1046 490 1099; x_wconf 84' lang='lat' dir='ltr'>RENT.</span> <span class='ocrx_word' id='word_1_51' title='bbox 549 1049 643 1099; x_wconf 89' lang='lat' dir='ltr'>NE</span> <span class='ocrx_word' id='word_1_52' title='bbox 681 1047 929 1099; x_wconf 86' lang='lat' dir='ltr'>AUTEM</span> <span class='ocrx_word' id='word_1_53' title='bbox 972 1048 1097 1097; x_wconf 80' lang='lat' dir='ltr'>SUB</span> <span class='ocrx_word' id='word_1_54' title='bbox 1143 1049 1230 1098; x_wconf 84' lang='lat' dir='ltr'>EO</span> <span class='ocrx_word' id='word_1_55' title='bbox 1273 1048 1533 1098; x_wconf 79' lang='lat' dir='ltr'>RERUM</span> <span class='ocrx_word' id='word_1_56' title='bbox 1569 1047 1802 1098; x_wconf 88' lang='lat' dir='ltr'>STATU</span> 
     </span>
     <span class='ocr_line' id='line_1_12' title="bbox 278 1128 1805 1189; baseline -0.001 -10"><span class='ocrx_word' id='word_1_57' title='bbox 278 1128 718 1181; x_wconf 85' lang='lat' dir='ltr'>NECESSARIIS</span> <span class='ocrx_word' id='word_1_58' title='bbox 744 1130 1077 1179; x_wconf 77' lang='lat' dir='ltr'>CARERET</span> <span class='ocrx_word' id='word_1_59' title='bbox 1101 1130 1288 1179; x_wconf 77' lang='lat' dir='ltr'>GREX</span> <span class='ocrx_word' id='word_1_60' title='bbox 1313 1129 1619 1189; x_wconf 78' lang='lat' dir='ltr'>CHRISTI,</span> <span class='ocrx_word' id='word_1_61' title='bbox 1649 1129 1805 1178; x_wconf 84' lang='lat' dir='ltr'>EPIS-</span> 
     </span>
     <span class='ocr_line' id='line_1_13' title="bbox 279 1211 1805 1263; baseline 0.001 -3"><span class='ocrx_word' id='word_1_62' title='bbox 279 1211 503 1263; x_wconf 90' lang='lat' dir='ltr'>COPOS</span> <span class='ocrx_word' id='word_1_63' title='bbox 547 1212 941 1262; x_wconf 86' lang='lat' dir='ltr'>LUSITANOS</span> <span class='ocrx_word' id='word_1_64' title='bbox 987 1213 1123 1262; x_wconf 78' lang='lat' dir='ltr'>PRO</span> <span class='ocrx_word' id='word_1_65' title='bbox 1162 1212 1530 1262; x_wconf 77' lang='lat' dir='ltr'>ABSOLUTA</span> <span class='ocrx_word' id='word_1_66' title='bbox 1575 1212 1663 1261; x_wconf 89' lang='lat' dir='ltr'>ET</span> <span class='ocrx_word' id='word_1_67' title='bbox 1699 1211 1805 1261; x_wconf 88' lang='lat' dir='ltr'>SU-</span> 
     </span>
     <span class='ocr_line' id='line_1_14' title="bbox 278 1295 1806 1362; baseline 0 -19"><span class='ocrx_word' id='word_1_68' title='bbox 278 1295 524 1345; x_wconf 83' lang='lat' dir='ltr'>PREMA</span> <span class='ocrx_word' id='word_1_69' title='bbox 561 1296 718 1345; x_wconf 90' lang='lat' dir='ltr'>ILLA</span> <span class='ocrx_word' id='word_1_70' title='bbox 758 1296 1161 1346; x_wconf 88' lang='lat' dir='ltr'>POTESTATE</span> <span class='ocrx_word' id='word_1_71' title='bbox 1193 1334 1207 1356; x_wconf 85' lang='lat'>,</span> <span class='ocrx_word' id='word_1_72' title='bbox 1253 1295 1443 1362; x_wconf 73' lang='lat' dir='ltr'>QUAE</span> <span class='ocrx_word' id='word_1_73' title='bbox 1487 1295 1806 1344; x_wconf 83' lang='lat' dir='ltr'>IPSORUM</span> 
     </span>
     <span class='ocr_line' id='line_1_15' title="bbox 282 1375 1805 1446; baseline -0.001 -20"><span class='ocrx_word' id='word_1_74' title='bbox 282 1377 544 1427; x_wconf 86' lang='lat' dir='ltr'>ORDINI</span> <span class='ocrx_word' id='word_1_75' title='bbox 588 1378 842 1428; x_wconf 88' lang='lat' dir='ltr'>DIVINO</span> <span class='ocrx_word' id='word_1_76' title='bbox 875 1378 1055 1446; x_wconf 81' lang='lat' dir='ltr'>JURE</span> <span class='ocrx_word' id='word_1_77' title='bbox 1100 1379 1222 1427; x_wconf 85' lang='lat' dir='ltr'>EST</span> <span class='ocrx_word' id='word_1_78' title='bbox 1264 1375 1593 1437; x_wconf 79' lang='lat' dir='ltr'>ADNEXA3</span> <span class='ocrx_word' id='word_1_79' title='bbox 1640 1377 1805 1427; x_wconf 85' lang='lat' dir='ltr'>TUM</span> 
     </span>
     <span class='ocr_line' id='line_1_16' title="bbox 281 1457 1807 1510; baseline -0.001 0"><span class='ocrx_word' id='word_1_80' title='bbox 281 1460 936 1510; x_wconf 80' lang='lat' dir='ltr'>MATRIMONIORUM</span> <span class='ocrx_word' id='word_1_81' title='bbox 1000 1460 1223 1508; x_wconf 80' lang='lat' dir='ltr'>INTER</span> <span class='ocrx_word' id='word_1_82' title='bbox 1279 1460 1351 1509; x_wconf 88' lang='lat' dir='ltr'>SE</span> <span class='ocrx_word' id='word_1_83' title='bbox 1416 1457 1807 1508; x_wconf 78' lang='lat' dir='ltr'>CELEBRAN-</span> 
     </span>
     <span class='ocr_line' id='line_1_17' title="bbox 282 1540 1805 1593; baseline 0 -1"><span class='ocrx_word' id='word_1_84' title='bbox 282 1543 555 1593; x_wconf 76' lang='lat' dir='ltr'>DORUM</span> <span class='ocrx_word' id='word_1_85' title='bbox 625 1541 1199 1592; x_wconf 86' lang='lat' dir='ltr'>CONSANGUINEIS</span> <span class='ocrx_word' id='word_1_86' title='bbox 1270 1542 1364 1590; x_wconf 87' lang='lat' dir='ltr'>ET</span> <span class='ocrx_word' id='word_1_87' title='bbox 1437 1540 1805 1592; x_wconf 84' lang='lat' dir='ltr'>ADFINIBUS</span> 
     </span>
     <span class='ocr_line' id='line_1_18' title="bbox 286 1623 1806 1684; baseline 0 -10"><span class='ocrx_word' id='word_1_88' title='bbox 286 1625 622 1674; x_wconf 76' lang='lat' dir='ltr'>GRATIAM</span> <span class='ocrx_word' id='word_1_89' title='bbox 666 1624 976 1684; x_wconf 76' lang='lat' dir='ltr'>FACERE3</span> <span class='ocrx_word' id='word_1_90' title='bbox 1030 1623 1193 1672; x_wconf 82' lang='lat' dir='ltr'>TUM</span> <span class='ocrx_word' id='word_1_91' title='bbox 1240 1624 1518 1674; x_wconf 82' lang='lat' dir='ltr'>CETERA</span> <span class='ocrx_word' id='word_1_92' title='bbox 1563 1623 1806 1675; x_wconf 80' lang='lat' dir='ltr'>OMNIA</span> 
     </span>
     <span class='ocr_line' id='line_1_19' title="bbox 285 1705 1806 1758; baseline -0.001 -1"><span class='ocrx_word' id='word_1_93' title='bbox 285 1707 861 1758; x_wconf 85' lang='lat' dir='ltr'>ECCLESIASTICAE</span> <span class='ocrx_word' id='word_1_94' title='bbox 905 1705 1336 1755; x_wconf 84' lang='lat' dir='ltr'>DISCIPLINAE</span> <span class='ocrx_word' id='word_1_95' title='bbox 1375 1706 1629 1757; x_wconf 86' lang='lat' dir='ltr'>CAPITA</span> <span class='ocrx_word' id='word_1_96' title='bbox 1666 1707 1806 1756; x_wconf 86' lang='lat' dir='ltr'>PLE-</span> 
     </span>
     <span class='ocr_line' id='line_1_20' title="bbox 284 1789 1455 1840; baseline 0 0"><span class='ocrx_word' id='word_1_97' title='bbox 284 1790 563 1840; x_wconf 84' lang='lat' dir='ltr'>NISSIME</span> <span class='ocrx_word' id='word_1_98' title='bbox 594 1789 1136 1839; x_wconf 83' lang='lat' dir='ltr'>ADMINISTRARE</span> <span class='ocrx_word' id='word_1_99' title='bbox 1168 1789 1455 1840; x_wconf 86' lang='lat' dir='ltr'>PERMISI.</span> 
     </span>
    </p>

    <p class='ocr_par' dir='ltr' id='par_1_3' title="bbox 286 1871 1808 2524">
     <span class='ocr_line' id='line_1_21' title="bbox 423 1871 1806 1924; baseline 0 -3"><span class='ocrx_word' id='word_1_100' title='bbox 423 1872 734 1922; x_wconf 85' lang='lat' dir='ltr'>INTERIM</span> <span class='ocrx_word' id='word_1_101' title='bbox 765 1871 1081 1922; x_wconf 84' lang='lat' dir='ltr'>OBLATAS</span> <span class='ocrx_word' id='word_1_102' title='bbox 1118 1872 1162 1922; x_wconf 91' lang='lat' dir='ltr'><strong>A</strong></span> <span class='ocrx_word' id='word_1_103' title='bbox 1196 1872 1526 1924; x_wconf 84' lang='lat' dir='ltr'>ROMANIS</span> <span class='ocrx_word' id='word_1_104' title='bbox 1555 1873 1806 1923; x_wconf 83' lang='lat' dir='ltr'>CONDI-</span> 
     </span>
     <span class='ocr_line' id='line_1_22' title="bbox 286 1954 1806 2017; baseline 0 -13"><span class='ocrx_word' id='word_1_105' title='bbox 286 1954 543 2004; x_wconf 87' lang='lat' dir='ltr'>TIONES</span> <span class='ocrx_word' id='word_1_106' title='bbox 590 1954 775 2005; x_wconf 80' lang='lat' dir='ltr'>PACIS</span> <span class='ocrx_word' id='word_1_107' title='bbox 822 1955 1109 2005; x_wconf 82' lang='lat' dir='ltr'>MULTAS</span> <span class='ocrx_word' id='word_1_108' title='bbox 1155 1956 1241 2004; x_wconf 90' lang='lat' dir='ltr'>ET</span> <span class='ocrx_word' id='word_1_109' title='bbox 1285 1956 1538 2006; x_wconf 84' lang='lat' dir='ltr'>VARIAS</span> <span class='ocrx_word' id='word_1_110' title='bbox 1568 1994 1582 2017; x_wconf 78' lang='lat'>,</span> <span class='ocrx_word' id='word_1_111' title='bbox 1624 1956 1806 2005; x_wconf 82' lang='lat' dir='ltr'>TAM-</span> 
     </span>
     <span class='ocr_line' id='line_1_23' title="bbox 288 2037 1808 2107; baseline 0 -19"><span class='ocrx_word' id='word_1_112' title='bbox 288 2037 502 2104; x_wconf 73' lang='lat' dir='ltr'><strong>QUAM</strong></span> <span class='ocrx_word' id='word_1_113' title='bbox 539 2038 983 2088; x_wconf 87' lang='lat' dir='ltr'>INHONESTAS</span> <span class='ocrx_word' id='word_1_114' title='bbox 1022 2038 1109 2086; x_wconf 86' lang='lat' dir='ltr'>ET</span> <span class='ocrx_word' id='word_1_115' title='bbox 1145 2038 1433 2107; x_wconf 75' lang='lat' dir='ltr'>INIQUAS</span> <span class='ocrx_word' id='word_1_116' title='bbox 1462 2078 1476 2101; x_wconf 85' lang='lat'>‚</span> <span class='ocrx_word' id='word_1_117' title='bbox 1519 2039 1645 2088; x_wconf 84' lang='lat' dir='ltr'>PER</span> <span class='ocrx_word' id='word_1_118' title='bbox 1683 2039 1808 2089; x_wconf 81' lang='lat' dir='ltr'>AN-</span> 
     </span>
     <span class='ocr_line' id='line_1_24' title="bbox 288 2120 1807 2173; baseline -0.001 -1"><span class='ocrx_word' id='word_1_119' title='bbox 288 2122 429 2173; x_wconf 90' lang='lat' dir='ltr'>NOS</span> <span class='ocrx_word' id='word_1_120' title='bbox 469 2120 667 2171; x_wconf 83' lang='lat' dir='ltr'>OCTO</span> <span class='ocrx_word' id='word_1_121' title='bbox 706 2120 1193 2171; x_wconf 83' lang='lat' dir='ltr'>CONSTANTER</span> <span class='ocrx_word' id='word_1_122' title='bbox 1231 2123 1507 2173; x_wconf 86' lang='lat' dir='ltr'>RESPUI:</span> <span class='ocrx_word' id='word_1_123' title='bbox 1561 2122 1807 2172; x_wconf 87' lang='lat' dir='ltr'>DONEC</span> 
     </span>
     <span class='ocr_line' id='line_1_25' title="bbox 291 2204 1806 2264; baseline -0.002 -9"><span class='ocrx_word' id='word_1_124' title='bbox 291 2204 670 2255; x_wconf 88' lang='lat' dir='ltr'>CLEMENTE</span> <span class='ocrx_word' id='word_1_125' title='bbox 701 2204 1246 2255; x_wconf 87' lang='lat' dir='ltr'>DECIMOTERTIO</span> <span class='ocrx_word' id='word_1_126' title='bbox 1285 2207 1453 2257; x_wconf 89' lang='lat' dir='ltr'>VITA</span> <span class='ocrx_word' id='word_1_127' title='bbox 1481 2204 1806 2264; x_wconf 84' lang='lat' dir='ltr'>FUNCTO‚</span> 
     </span>
     <span class='ocr_line' id='line_1_26' title="bbox 291 2287 1807 2358; baseline 0 -21"><span class='ocrx_word' id='word_1_128' title='bbox 291 2287 676 2337; x_wconf 82' lang='lat' dir='ltr'>SAPIENTER</span> <span class='ocrx_word' id='word_1_129' title='bbox 711 2288 753 2336; x_wconf 88' lang='lat' dir='ltr'><strong>A</strong></span> <span class='ocrx_word' id='word_1_130' title='bbox 782 2287 1217 2338; x_wconf 84' lang='lat' dir='ltr'>SUCCESSORE</span> <span class='ocrx_word' id='word_1_131' title='bbox 1247 2289 1392 2358; x_wconf 81' lang='lat' dir='ltr'>EJUS</span> <span class='ocrx_word' id='word_1_132' title='bbox 1429 2287 1807 2338; x_wconf 85' lang='lat' dir='ltr'>CLEMENTE</span> 
     </span>
     <span class='ocr_line' id='line_1_27' title="bbox 290 2369 1806 2437; baseline 0.002 -19"><span class='ocrx_word' id='word_1_133' title='bbox 290 2369 877 2437; x_wconf 80' lang='lat' dir='ltr'>DECIMOQUARTO</span> <span class='ocrx_word' id='word_1_134' title='bbox 934 2371 1255 2423; x_wconf 86' lang='lat' dir='ltr'>RESARTA</span> <span class='ocrx_word' id='word_1_135' title='bbox 1296 2372 1517 2422; x_wconf 89' lang='lat' dir='ltr'>VETUS</span> <span class='ocrx_word' id='word_1_136' title='bbox 1560 2371 1806 2422; x_wconf 88' lang='lat' dir='ltr'>SCISSU-</span> 
     </span>
     <span class='ocr_line' id='line_1_28' title="bbox 293 2451 1806 2524; baseline 0 -21"><span class='ocrx_word' id='word_1_137' title='bbox 293 2451 394 2519; x_wconf 62' lang='grc' dir='ltr'>ΒΑ</span> <span class='ocrx_word' id='word_1_138' title='bbox 431 2453 552 2504; x_wconf 89' lang='lat' dir='ltr'>EST</span> <span class='ocrx_word' id='word_1_139' title='bbox 581 2476 596 2518; x_wconf 75' lang='lat'>3</span> <span class='ocrx_word' id='word_1_140' title='bbox 638 2454 926 2507; x_wconf 75' lang='lat' dir='ltr'>PRIMUM</span> <span class='ocrx_word' id='word_1_141' title='bbox 964 2455 1243 2524; x_wconf 77' lang='lat' dir='ltr'>QUIDEM</span> <span class='ocrx_word' id='word_1_142' title='bbox 1280 2455 1483 2507; x_wconf 86' lang='lat' dir='ltr'>MISSO</span> <span class='ocrx_word' id='word_1_143' title='bbox 1520 2455 1597 2506; x_wconf 90' lang='lat' dir='ltr'>IN</span> <span class='ocrx_word' id='word_1_144' title='bbox 1636 2454 1806 2504; x_wconf 90' lang='lat' dir='ltr'>LUSI-</span> 
     </span>
    </p>

    <p class='ocr_par' dir='ltr' id='par_1_4' title="bbox 1655 2539 1772 2588">
     <span class='ocr_line' id='line_1_29' title="bbox 1655 2539 1772 2588; baseline -0.009 0"><span class='ocrx_word' id='word_1_145' title='bbox 1655 2539 1772 2588; x_wconf 86' lang='lat' dir='ltr'>TA-</span> 
     </span>
    </p>
   </div>
  </div>
 </body>
</html>
