1905 3083
498 203 1300 265 PRAEFATIO.

132 315 376 371 modum
411 312 710 371 contracte
746 309 983 368 describi
1029 313 1090 366 in
1122 308 1353 367 Statuae
1384 307 1508 367 Bafi
1551 328 1651 385 po-

131 408 320 458 terant
350 424 363 466 3
417 397 580 454 fufius
616 398 851 471 quidem
899 405 957 453 et
989 393 1212 470 plenius
1242 394 1426 470 Regis
1467 399 1653 452 nomi-

130 504 239 550 ne,
275 493 333 540 et
367 483 670 556 adsumpta
702 481 1145 556 quodammodo
1163 478 1348 555 Regis
1366 478 1652 546 Persona,

132 569 329 626 Statua
362 567 480 642 ipsa
510 585 612 641 per
643 564 1148 639 Prosopopoeiam
1179 564 1544 640 eloqueretur
1576 574 1653 622 at-

131 671 246 728 que
281 661 584 709 enarraret.
647 649 818 728 Quae
852 658 914 705 ut
946 651 1124 706 etiam
1167 667 1291 704 non
1329 668 1400 706 ex
1431 668 1653 705 memo-

129 741 240 802 ria,
285 735 383 793 sed
416 747 713 810 tamquam
748 735 820 790 de
853 733 1064 808 scripto
1095 735 1334 790 recitare
1365 734 1654 791 videretur

129 820 377 880 Vocalis
410 820 608 879 Statua
646 845 658 885 ;
707 817 958 877 Tabulas
1003 835 1214 876 aeneas
1266 816 1360 877 vel
1407 836 1654 874 marmo-

130 925 254 964 reas
286 904 546 963 confinxi
577 904 672 963 sex
705 947 718 971 ‚
768 912 1068 978 tamquam
1099 904 1171 961 ad
1205 905 1322 973 ejus
1353 901 1529 960 latera
1560 901 1654 960 Vel

131 1011 165 1050 e
198 993 441 1067 regione
491 991 707 1047 duabus
735 987 1042 1045 Columnis
1087 990 1373 1062 utrimque
1410 985 1652 1054 adfixas3

130 1095 283 1151 quae
317 1085 479 1132 certo
513 1076 717 1131 ordine
751 1082 810 1130 et
855 1071 1382 1148 delectuquodam
1416 1070 1541 1128 Res
1575 1072 1654 1127 di-

131 1159 272 1217 versi
332 1162 610 1234 temporis
683 1167 741 1215 et
806 1158 1132 1232 argumenti
1193 1155 1655 1232 complecteren-

130 1256 235 1302 tur.

299 1326 534 1383 Scilicet
561 1327 816 1383 totidem
850 1327 1045 1384 aeneis
1065 1323 1301 1383 Tabulis
1333 1325 1512 1381 Incidi
1531 1321 1652 1380 Re-

130 1431 254 1468 rum
287 1410 509 1467 suarum
530 1409 881 1467 Breviarium
912 1430 945 1468 a
976 1409 1031 1467 se
1063 1408 1365 1485 scriptum,
1398 1410 1654 1465 moriens

130 1496 486 1555 testamento
531 1494 829 1552 mandavit
862 1493 1149 1569 Augustus
1180 1493 1390 1551 Caesar
1423 1535 1437 1558 ‚
1480 1501 1545 1549 ut
1590 1495 1653 1549 in

132 1581 249 1639 fine
285 1578 587 1637 Historiae
619 1577 784 1651 ipsius
814 1578 1018 1635 diserte
1057 1575 1367 1635 Suetonius
1397 1575 1652 1634 testatur.

131 1666 420 1723 Totidem
450 1661 694 1718 incisum
740 1680 865 1718 non
897 1664 1092 1718 aeneis
1128 1704 1142 1728 ‚
1188 1661 1286 1719 sed
1320 1663 1654 1718 marmoreis

132 1749 372 1806 Tabulis
403 1750 464 1803 in
482 1744 758 1803 Sebasteo
776 1749 1088 1822 Ancyrano
1109 1787 1122 1810 ‚
1153 1746 1314 1820 quod
1331 1744 1653 1818 Templum

133 1843 253 1890 erat
280 1829 544 1908 Augusto
577 1829 677 1905 ipfi
700 1831 953 1889 dicatum
974 1848 1007 1886 a
1027 1828 1254 1886 Galatis
1273 1871 1286 1894 ,
1318 1827 1450 1904 post
1467 1845 1654 1884 annos

133 1917 290 1974 mille
344 1930 402 1974 et
449 1914 843 1991 septingentos
890 1932 1109 1989 magno
1157 1912 1411 1969 Divinae
1457 1909 1652 1966 Provi-

134 2004 371 2060 dentiae
405 1998 697 2057 beneficio
722 2042 734 2065 ,
785 2002 1020 2075 parique
1051 1999 1230 2055 totius
1259 1994 1652 2070 Reipublicae

136 2085 484 2144 Litterariae
518 2082 921 2141 emolumento
943 2125 956 2149 ,
988 2082 1257 2156 Ancyrae
1283 2081 1523 2153 reperit,
1557 2079 1652 2133 de-

134 2170 345 2245 scripsit
382 2213 394 2237 ,
457 2178 517 2226 et
561 2187 693 2225 cum
735 2168 896 2225 Orbe
928 2167 1153 2225 erudito
1191 2165 1651 2221 communicavit

133 2256 175 2314 J
180 2273 368 2311 oannes
403 2255 650 2308 Pittonus
681 2251 1122 2328 Tom-nefhrtius‚
1154 2250 1253 2324 qui
1286 2250 1453 2305 initio
1486 2245 1651 2316 hujus

135 2338 344 2395 saeculi
378 2340 592 2395 decimi
624 2337 816 2393 oc‘tavi
839 2335 982 2407 juffu
1015 2344 1072 2392 et
1098 2332 1328 2408 peculio
1358 2330 1652 2387 Ludovici

135 2421 349 2499 Magni
395 2422 703 2481 Gallorum
740 2420 924 2498 Regis
969 2419 1278 2478 Orientem
1311 2416 1647 2556 peragravit.

1567 2509 1610 2555 t-
