<?xml version="1.0" encoding="UTF-8"?>
<!DOCTYPE html PUBLIC "-//W3C//DTD XHTML 1.0 Transitional//EN"
    "http://www.w3.org/TR/xhtml1/DTD/xhtml1-transitional.dtd">
<html xmlns="http://www.w3.org/1999/xhtml" xml:lang="en" lang="en">
 <head>
  <title>
</title>
<meta http-equiv="Content-Type" content="text/html;charset=utf-8" />
  <meta name='ocr-system' content='tesseract 3.04.00' />
  <meta name='ocr-capabilities' content='ocr_page ocr_carea ocr_par ocr_line ocrx_word'/>
</head>
<body>
  <div class='ocr_page' id='page_1' title='image "./josephimagnanimi00figu_0032.png"; bbox 0 0 2002 3073; ppageno 0'>
   <div class='ocr_carea' id='block_1_1' title="bbox 301 189 1335 258">
    <p class='ocr_par' dir='ltr' id='par_1_1' title="bbox 301 189 1335 258">
     <span class='ocr_line' id='line_1_1' title="bbox 301 189 1335 258; baseline -0.006 -12"><span class='ocrx_word' id='word_1_1' title='bbox 301 217 361 246; x_wconf 84' lang='lat'>22</span> <span class='ocrx_word' id='word_1_2' title='bbox 704 191 980 258; x_wconf 73' lang='lat' dir='ltr'>JOSEPm</span> <span class='ocrx_word' id='word_1_3' title='bbox 1031 189 1335 240; x_wconf 78' lang='lat' dir='ltr'>MAGNAN.</span> 
     </span>
    </p>
   </div>
   <div class='ocr_carea' id='block_1_2' title="bbox 258 286 1795 2419">
    <p class='ocr_par' dir='ltr' id='par_1_2' title="bbox 258 286 1795 2419">
     <span class='ocr_line' id='line_1_2' title="bbox 262 286 1792 348; baseline -0.003 -3"><span class='ocrx_word' id='word_1_4' title='bbox 262 287 706 344; x_wconf 82' lang='lat' dir='ltr'>LUSITANIAM</span> <span class='ocrx_word' id='word_1_5' title='bbox 751 286 1296 348; x_wconf 81' lang='lat' dir='ltr'>DEMERUISSEM3</span> <span class='ocrx_word' id='word_1_6' title='bbox 1351 286 1656 338; x_wconf 86' lang='lat' dir='ltr'>CENSUIT</span> <span class='ocrx_word' id='word_1_7' title='bbox 1698 290 1792 340; x_wconf 89' lang='lat' dir='ltr'>SE-</span> 
     </span>
     <span class='ocr_line' id='line_1_3' title="bbox 262 369 1791 438; baseline -0.003 -12"><span class='ocrx_word' id='word_1_8' title='bbox 262 376 503 427; x_wconf 89' lang='lat' dir='ltr'>NATUS</span> <span class='ocrx_word' id='word_1_9' title='bbox 560 370 1016 438; x_wconf 78' lang='lat' dir='ltr'>POPULUSQUE</span> <span class='ocrx_word' id='word_1_10' title='bbox 1061 369 1576 420; x_wconf 85' lang='lat' dir='ltr'>OLISIPONENSIS</span> <span class='ocrx_word' id='word_1_11' title='bbox 1631 371 1791 422; x_wconf 82' lang='lat' dir='ltr'>CUM</span> 
     </span>
     <span class='ocr_line' id='line_1_4' title="bbox 263 453 1792 509; baseline -0.001 -1"><span class='ocrx_word' id='word_1_12' title='bbox 263 457 615 509; x_wconf 88' lang='lat' dir='ltr'>COLLEGIO</span> <span class='ocrx_word' id='word_1_13' title='bbox 681 453 1274 505; x_wconf 86' lang='lat' dir='ltr'>NEGOTIATORUM</span> <span class='ocrx_word' id='word_1_14' title='bbox 1311 473 1321 502; x_wconf 91' lang='lat'>:</span> <span class='ocrx_word' id='word_1_15' title='bbox 1387 454 1792 508; x_wconf 81' lang='lat' dir='ltr'>PONENDAM</span> 
     </span>
     <span class='ocr_line' id='line_1_5' title="bbox 262 536 1793 594; baseline 0 -3"><span class='ocrx_word' id='word_1_16' title='bbox 262 541 423 591; x_wconf 88' lang='lat' dir='ltr'>MIHI</span> <span class='ocrx_word' id='word_1_17' title='bbox 452 541 531 591; x_wconf 90' lang='lat' dir='ltr'>IN</span> <span class='ocrx_word' id='word_1_18' title='bbox 553 538 772 594; x_wconf 88' lang='lat' dir='ltr'>REGIO</span> <span class='ocrx_word' id='word_1_19' title='bbox 796 537 989 587; x_wconf 89' lang='lat' dir='ltr'>FORO</span> <span class='ocrx_word' id='word_1_20' title='bbox 1019 536 1415 586; x_wconf 86' lang='lat' dir='ltr'>NEGOTIATI</span> <span class='ocrx_word' id='word_1_21' title='bbox 1445 539 1793 590; x_wconf 84' lang='lat' dir='ltr'><strong>STATUAM</strong></span> 
     </span>
     <span class='ocr_line' id='line_1_6' title="bbox 262 620 1792 690; baseline -0.001 -15"><span class='ocrx_word' id='word_1_22' title='bbox 262 625 347 675; x_wconf 90' lang='lat' dir='ltr'>EX</span> <span class='ocrx_word' id='word_1_23' title='bbox 374 623 556 675; x_wconf 91' lang='lat' dir='ltr'>AERE</span> <span class='ocrx_word' id='word_1_24' title='bbox 587 621 1014 690; x_wconf 74' lang='lat' dir='ltr'>EQUESTREM</span> <span class='ocrx_word' id='word_1_25' title='bbox 1043 620 1468 671; x_wconf 85' lang='lat' dir='ltr'>COLOSSICAE</span> <span class='ocrx_word' id='word_1_26' title='bbox 1498 623 1792 674; x_wconf 79' lang='lat' dir='ltr'>FORMAE</span> 
     </span>
     <span class='ocr_line' id='line_1_7' title="bbox 260 704 1794 766; baseline -0.001 -8"><span class='ocrx_word' id='word_1_27' title='bbox 260 705 775 758; x_wconf 90' lang='lat' dir='ltr'>THORACATAM</span> <span class='ocrx_word' id='word_1_28' title='bbox 807 742 821 766; x_wconf 86' lang='lat'>‚</span> <span class='ocrx_word' id='word_1_29' title='bbox 863 704 1283 754; x_wconf 79' lang='lat' dir='ltr'>CRISTATAM</span> <span class='ocrx_word' id='word_1_30' title='bbox 1313 741 1327 764; x_wconf 84' lang='lat'>‚</span> <span class='ocrx_word' id='word_1_31' title='bbox 1372 704 1458 753; x_wconf 88' lang='lat' dir='ltr'>ET</span> <span class='ocrx_word' id='word_1_32' title='bbox 1489 705 1794 757; x_wconf 86' lang='lat' dir='ltr'>LAUREA-</span> 
     </span>
     <span class='ocr_line' id='line_1_8' title="bbox 261 787 1792 853; baseline -0.001 -11"><span class='ocrx_word' id='word_1_33' title='bbox 261 791 456 841; x_wconf 89' lang='lat' dir='ltr'>TAM:</span> <span class='ocrx_word' id='word_1_34' title='bbox 500 788 964 840; x_wconf 88' lang='lat' dir='ltr'>INCIDENDAM</span> <span class='ocrx_word' id='word_1_35' title='bbox 993 787 1069 837; x_wconf 89' lang='lat' dir='ltr'>IN</span> <span class='ocrx_word' id='word_1_36' title='bbox 1104 787 1250 837; x_wconf 80' lang='lat' dir='ltr'>BASI</span> <span class='ocrx_word' id='word_1_37' title='bbox 1282 787 1428 853; x_wconf 87' lang='lat' dir='ltr'>EJUS</span> <span class='ocrx_word' id='word_1_38' title='bbox 1459 787 1792 841; x_wconf 82' lang='lat' dir='ltr'>LATINAM</span> 
     </span>
     <span class='ocr_line' id='line_1_9' title="bbox 261 870 1793 937; baseline -0.002 -12"><span class='ocrx_word' id='word_1_39' title='bbox 261 871 863 931; x_wconf 82' lang='lat' dir='ltr'>INSCRIPTIONEM‚</span> <span class='ocrx_word' id='word_1_40' title='bbox 899 870 1090 937; x_wconf 74' lang='lat' dir='ltr'>QUAE</span> <span class='ocrx_word' id='word_1_41' title='bbox 1127 871 1450 922; x_wconf 83' lang='lat' dir='ltr'>SUMMAM</span> <span class='ocrx_word' id='word_1_42' title='bbox 1487 872 1793 923; x_wconf 87' lang='lat' dir='ltr'>COMPLE-</span> 
     </span>
     <span class='ocr_line' id='line_1_10' title="bbox 262 954 1793 1006; baseline -0.001 0"><span class='ocrx_word' id='word_1_43' title='bbox 262 955 652 1006; x_wconf 87' lang='lat' dir='ltr'>CTERETUR</span> <span class='ocrx_word' id='word_1_44' title='bbox 680 954 943 1005; x_wconf 90' lang='lat' dir='ltr'>RERUM</span> <span class='ocrx_word' id='word_1_45' title='bbox 972 954 1291 1004; x_wconf 85' lang='lat' dir='ltr'>MEARUM</span> <span class='ocrx_word' id='word_1_46' title='bbox 1324 974 1332 1003; x_wconf 76' lang='grc' dir='ltr'>ε</span> <span class='ocrx_word' id='word_1_47' title='bbox 1379 955 1491 1003; x_wconf 79' lang='lat' dir='ltr'>DIE</span> <span class='ocrx_word' id='word_1_48' title='bbox 1522 955 1793 1006; x_wconf 82' lang='lat' dir='ltr'>NATALI</span> 
     </span>
     <span class='ocr_line' id='line_1_11' title="bbox 259 1036 1790 1107; baseline 0.001 -17"><span class='ocrx_word' id='word_1_49' title='bbox 259 1039 415 1090; x_wconf 87' lang='lat' dir='ltr'>MEO</span> <span class='ocrx_word' id='word_1_50' title='bbox 446 1038 578 1088; x_wconf 92' lang='lat' dir='ltr'>VIII.</span> <span class='ocrx_word' id='word_1_51' title='bbox 611 1038 772 1089; x_wconf 87' lang='lat' dir='ltr'>IDUS</span> <span class='ocrx_word' id='word_1_52' title='bbox 793 1037 1044 1107; x_wconf 88' lang='lat' dir='ltr'>JUNIAS</span> <span class='ocrx_word' id='word_1_53' title='bbox 1077 1076 1091 1099; x_wconf 86' lang='lat'>‚</span> <span class='ocrx_word' id='word_1_54' title='bbox 1135 1036 1345 1086; x_wconf 85' lang='lat' dir='ltr'>ANNO</span> <span class='ocrx_word' id='word_1_55' title='bbox 1382 1037 1790 1092; x_wconf 80' lang='lat' dir='ltr'>MDCCLXXV.</span> 
     </span>
     <span class='ocr_line' id='line_1_12' title="bbox 260 1118 1794 1188; baseline -0.001 -15"><span class='ocrx_word' id='word_1_56' title='bbox 260 1120 935 1188; x_wconf 75' lang='lat' dir='ltr'>FRENQUENTISSIMO</span> <span class='ocrx_word' id='word_1_57' title='bbox 1000 1118 1347 1168; x_wconf 85' lang='lat' dir='ltr'>OMNIUM</span> <span class='ocrx_word' id='word_1_58' title='bbox 1412 1118 1794 1172; x_wconf 87' lang='lat' dir='ltr'>ORDINUM</span> 
     </span>
     <span class='ocr_line' id='line_1_13' title="bbox 261 1202 1795 1268; baseline -0.001 -13"><span class='ocrx_word' id='word_1_59' title='bbox 261 1204 664 1255; x_wconf 85' lang='lat' dir='ltr'>CONVENTU</span> <span class='ocrx_word' id='word_1_60' title='bbox 697 1202 1321 1268; x_wconf 73' lang='lat' dir='ltr'>ADORATIONEQUE</span> <span class='ocrx_word' id='word_1_61' title='bbox 1345 1240 1359 1262; x_wconf 88' lang='lat'>,</span> <span class='ocrx_word' id='word_1_62' title='bbox 1403 1202 1492 1252; x_wconf 89' lang='lat' dir='ltr'>ET</span> <span class='ocrx_word' id='word_1_63' title='bbox 1520 1203 1795 1254; x_wconf 87' lang='lat' dir='ltr'>MILITA-</span> 
     </span>
     <span class='ocr_line' id='line_1_14' title="bbox 261 1285 1795 1341; baseline -0.001 -1"><span class='ocrx_word' id='word_1_64' title='bbox 261 1289 469 1341; x_wconf 81' lang='lat' dir='ltr'>&#39;RIBUS</span> <span class='ocrx_word' id='word_1_65' title='bbox 522 1287 940 1339; x_wconf 87' lang='lat' dir='ltr'>HONORIBUS</span> <span class='ocrx_word' id='word_1_66' title='bbox 990 1285 1597 1337; x_wconf 86' lang='lat' dir='ltr'>INAUGURANDAM</span> <span class='ocrx_word' id='word_1_67' title='bbox 1641 1289 1795 1339; x_wconf 90' lang='lat' dir='ltr'>STA-</span> 
     </span>
     <span class='ocr_line' id='line_1_15' title="bbox 262 1368 1793 1423; baseline -0.001 -2"><span class='ocrx_word' id='word_1_68' title='bbox 262 1372 476 1423; x_wconf 90' lang='lat' dir='ltr'><strong>TUAM</strong></span> <span class='ocrx_word' id='word_1_69' title='bbox 522 1372 769 1422; x_wconf 90' lang='lat' dir='ltr'>IPSAM:</span> <span class='ocrx_word' id='word_1_70' title='bbox 822 1370 1142 1421; x_wconf 90' lang='lat' dir='ltr'>POSTERO</span> <span class='ocrx_word' id='word_1_71' title='bbox 1186 1369 1299 1418; x_wconf 87' lang='lat' dir='ltr'>DIE</span> <span class='ocrx_word' id='word_1_72' title='bbox 1345 1368 1519 1417; x_wconf 87' lang='lat' dir='ltr'><strong>POST</strong></span> <span class='ocrx_word' id='word_1_73' title='bbox 1562 1368 1793 1421; x_wconf 88' lang='lat' dir='ltr'><strong>LAETA</strong></span> 
     </span>
     <span class='ocr_line' id='line_1_16' title="bbox 261 1449 1793 1519; baseline -0.001 -14"><span class='ocrx_word' id='word_1_74' title='bbox 261 1454 570 1505; x_wconf 87' lang='lat' dir='ltr'>EPINICIA</span> <span class='ocrx_word' id='word_1_75' title='bbox 645 1456 691 1506; x_wconf 91' lang='lat' dir='ltr'><strong>A</strong></span> <span class='ocrx_word' id='word_1_76' title='bbox 762 1451 1266 1519; x_wconf 33' lang='lat' dir='ltr'>‘SELECTISSIMIS</span> <span class='ocrx_word' id='word_1_77' title='bbox 1351 1449 1793 1504; x_wconf 84' lang='lat' dir='ltr'>MUSICORUM</span> 
     </span>
     <span class='ocr_line' id='line_1_17' title="bbox 262 1533 1793 1599; baseline -0.003 -12"><span class='ocrx_word' id='word_1_78' title='bbox 262 1538 608 1589; x_wconf 82' lang='lat' dir='ltr'>CANTATA</span> <span class='ocrx_word' id='word_1_79' title='bbox 639 1577 652 1599; x_wconf 80' lang='lat'>,</span> <span class='ocrx_word' id='word_1_80' title='bbox 699 1539 788 1587; x_wconf 90' lang='lat' dir='ltr'>ET</span> <span class='ocrx_word' id='word_1_81' title='bbox 828 1536 1002 1586; x_wconf 87' lang='lat' dir='ltr'>POST</span> <span class='ocrx_word' id='word_1_82' title='bbox 1039 1534 1364 1585; x_wconf 83' lang='lat' dir='ltr'>CHOREAS</span> <span class='ocrx_word' id='word_1_83' title='bbox 1404 1533 1793 1585; x_wconf 64' lang='lat' dir='ltr'>MATRONA-</span> 
     </span>
     <span class='ocr_line' id='line_1_18' title="bbox 261 1616 1793 1678; baseline -0.002 -6"><span class='ocrx_word' id='word_1_84' title='bbox 261 1622 430 1672; x_wconf 89' lang='lat' dir='ltr'>RUM</span> <span class='ocrx_word' id='word_1_85' title='bbox 468 1618 989 1670; x_wconf 85' lang='lat' dir='ltr'>PRIMARIARUM</span> <span class='ocrx_word' id='word_1_86' title='bbox 1021 1654 1035 1678; x_wconf 87' lang='lat'>,</span> <span class='ocrx_word' id='word_1_87' title='bbox 1079 1616 1401 1666; x_wconf 85' lang='lat' dir='ltr'>DANDUM</span> <span class='ocrx_word' id='word_1_88' title='bbox 1434 1616 1512 1666; x_wconf 90' lang='lat' dir='ltr'>IN</span> <span class='ocrx_word' id='word_1_89' title='bbox 1541 1617 1793 1669; x_wconf 83' lang='lat' dir='ltr'>PRYTA-</span> 
     </span>
     <span class='ocr_line' id='line_1_19' title="bbox 261 1699 1793 1756; baseline -0.003 0"><span class='ocrx_word' id='word_1_90' title='bbox 261 1706 408 1756; x_wconf 91' lang='lat' dir='ltr'>NEO</span> <span class='ocrx_word' id='word_1_91' title='bbox 448 1703 735 1754; x_wconf 86' lang='lat' dir='ltr'>EPULUM</span> <span class='ocrx_word' id='word_1_92' title='bbox 773 1699 1253 1751; x_wconf 82' lang='lat' dir='ltr'>OPTIMATIBUS</span> <span class='ocrx_word' id='word_1_93' title='bbox 1297 1700 1385 1748; x_wconf 87' lang='lat' dir='ltr'>ET</span> <span class='ocrx_word' id='word_1_94' title='bbox 1415 1699 1793 1751; x_wconf 86' lang='lat' dir='ltr'>SENATORI-</span> 
     </span>
     <span class='ocr_line' id='line_1_20' title="bbox 261 1783 1792 1838; baseline -0.003 0"><span class='ocrx_word' id='word_1_95' title='bbox 261 1789 416 1838; x_wconf 82' lang='lat' dir='ltr'>BUS:</span> <span class='ocrx_word' id='word_1_96' title='bbox 445 1787 560 1836; x_wconf 91' lang='lat' dir='ltr'>DIE</span> <span class='ocrx_word' id='word_1_97' title='bbox 584 1785 854 1835; x_wconf 82' lang='lat' dir='ltr'>TERTIO</span> <span class='ocrx_word' id='word_1_98' title='bbox 879 1784 1049 1833; x_wconf 88' lang='lat' dir='ltr'>POST</span> <span class='ocrx_word' id='word_1_99' title='bbox 1073 1783 1402 1833; x_wconf 85' lang='lat' dir='ltr'>IMMISSOS</span> <span class='ocrx_word' id='word_1_100' title='bbox 1434 1783 1510 1833; x_wconf 84' lang='lat' dir='ltr'>IN</span> <span class='ocrx_word' id='word_1_101' title='bbox 1535 1784 1792 1834; x_wconf 86' lang='lat' dir='ltr'>FORUM</span> 
     </span>
     <span class='ocr_line' id='line_1_21' title="bbox 261 1867 1792 1928; baseline -0.001 -8"><span class='ocrx_word' id='word_1_102' title='bbox 261 1870 556 1921; x_wconf 85' lang='lat' dir='ltr'>CURRUS</span> <span class='ocrx_word' id='word_1_103' title='bbox 592 1870 640 1917; x_wconf 94' lang='lat' dir='ltr'>T</span> <span class='ocrx_word' id='word_1_104' title='bbox 645 1867 1092 1918; x_wconf 84' lang='lat' dir='ltr'>RIUMPHALES</span> <span class='ocrx_word' id='word_1_105' title='bbox 1137 1867 1400 1917; x_wconf 80' lang='lat' dir='ltr'>SEPTEM</span> <span class='ocrx_word' id='word_1_106' title='bbox 1432 1905 1446 1928; x_wconf 87' lang='lat'>‚</span> <span class='ocrx_word' id='word_1_107' title='bbox 1491 1867 1578 1916; x_wconf 91' lang='lat' dir='ltr'>ET</span> <span class='ocrx_word' id='word_1_108' title='bbox 1618 1867 1792 1918; x_wconf 90' lang='lat' dir='ltr'>POST</span> 
     </span>
     <span class='ocr_line' id='line_1_22' title="bbox 261 1950 1791 2014; baseline -0.002 -11"><span class='ocrx_word' id='word_1_109' title='bbox 261 1951 775 2004; x_wconf 90' lang='lat' dir='ltr'>SALTATIONEM</span> <span class='ocrx_word' id='word_1_110' title='bbox 832 1950 1203 2002; x_wconf 87' lang='lat' dir='ltr'>VIRGINUM</span> <span class='ocrx_word' id='word_1_111' title='bbox 1275 1950 1744 2000; x_wconf 81' lang='lat' dir='ltr'>URBANARUM</span> <span class='ocrx_word' id='word_1_112' title='bbox 1775 1990 1791 2014; x_wconf 87' lang='lat'>‚</span> 
     </span>
     <span class='ocr_line' id='line_1_23' title="bbox 261 2033 1792 2086; baseline -0.001 0"><span class='ocrx_word' id='word_1_113' title='bbox 261 2034 587 2086; x_wconf 88' lang='lat' dir='ltr'>DANDUM</span> <span class='ocrx_word' id='word_1_114' title='bbox 651 2034 1284 2085; x_wconf 81' lang='lat' dir='ltr'>NEGOTIATORIBUS</span> <span class='ocrx_word' id='word_1_115' title='bbox 1352 2033 1639 2083; x_wconf 87' lang='lat' dir='ltr'>EPULUM</span> <span class='ocrx_word' id='word_1_116' title='bbox 1711 2034 1792 2085; x_wconf 89' lang='lat' dir='ltr'>IN</span> 
     </span>
     <span class='ocr_line' id='line_1_24' title="bbox 258 2116 1792 2170; baseline -0.002 0"><span class='ocrx_word' id='word_1_117' title='bbox 258 2118 615 2170; x_wconf 90' lang='lat' dir='ltr'>COLLEGIO</span> <span class='ocrx_word' id='word_1_118' title='bbox 665 2119 1022 2169; x_wconf 89' lang='lat' dir='ltr'>IPSORUM:</span> <span class='ocrx_word' id='word_1_119' title='bbox 1080 2117 1354 2167; x_wconf 87' lang='lat' dir='ltr'>POPULO</span> <span class='ocrx_word' id='word_1_120' title='bbox 1407 2116 1661 2166; x_wconf 82' lang='lat' dir='ltr'>AUTEM</span> <span class='ocrx_word' id='word_1_121' title='bbox 1710 2116 1792 2167; x_wconf 90' lang='lat' dir='ltr'>IN</span> 
     </span>
     <span class='ocr_line' id='line_1_25' title="bbox 263 2199 1791 2253; baseline -0.003 -1"><span class='ocrx_word' id='word_1_122' title='bbox 263 2202 616 2252; x_wconf 87' lang='lat' dir='ltr'>COLLEGIO</span> <span class='ocrx_word' id='word_1_123' title='bbox 649 2202 945 2253; x_wconf 84' lang='lat' dir='ltr'>FABRUM</span> <span class='ocrx_word' id='word_1_124' title='bbox 978 2222 987 2251; x_wconf 92' lang='lat'>:</span> <span class='ocrx_word' id='word_1_125' title='bbox 1032 2201 1289 2251; x_wconf 85' lang='lat' dir='ltr'>TRIBUS</span> <span class='ocrx_word' id='word_1_126' title='bbox 1329 2200 1498 2249; x_wconf 90' lang='lat' dir='ltr'>ILLIS</span> <span class='ocrx_word' id='word_1_127' title='bbox 1537 2199 1791 2249; x_wconf 85' lang='lat' dir='ltr'>NOCTI-</span> 
     </span>
     <span class='ocr_line' id='line_1_26' title="bbox 263 2281 1793 2336; baseline -0.003 -2"><span class='ocrx_word' id='word_1_128' title='bbox 263 2286 391 2336; x_wconf 90' lang='lat' dir='ltr'>BUS</span> <span class='ocrx_word' id='word_1_129' title='bbox 445 2284 1021 2335; x_wconf 88' lang='lat' dir='ltr'>ILLUMINANDAM</span> <span class='ocrx_word' id='word_1_130' title='bbox 1078 2282 1469 2335; x_wconf 84' lang='lat' dir='ltr'>FUNALIBUS</span> <span class='ocrx_word' id='word_1_131' title='bbox 1526 2281 1793 2331; x_wconf 87' lang='lat' dir='ltr'>TOTAM</span> 
     </span>
     <span class='ocr_line' id='line_1_27' title="bbox 263 2364 1790 2419; baseline -0.003 -1"><span class='ocrx_word' id='word_1_132' title='bbox 263 2368 514 2418; x_wconf 86' lang='lat' dir='ltr'>URBEM</span> <span class='ocrx_word' id='word_1_133' title='bbox 546 2388 556 2418; x_wconf 90' lang='lat'><strong>:</strong></span> <span class='ocrx_word' id='word_1_134' title='bbox 621 2367 942 2419; x_wconf 89' lang='lat' dir='ltr'>HONORIS</span> <span class='ocrx_word' id='word_1_135' title='bbox 1006 2367 1095 2417; x_wconf 90' lang='lat' dir='ltr'>ET</span> <span class='ocrx_word' id='word_1_136' title='bbox 1153 2364 1537 2416; x_wconf 86' lang='lat' dir='ltr'>MEMORIAE</span> <span class='ocrx_word' id='word_1_137' title='bbox 1595 2364 1790 2414; x_wconf 89' lang='lat' dir='ltr'>ERGO</span> 
     </span>
    </p>
   </div>
   <div class='ocr_carea' id='block_1_3' title="bbox 263 2447 1792 2580">
    <p class='ocr_par' dir='ltr' id='par_1_3' title="bbox 263 2447 1792 2580">
     <span class='ocr_line' id='line_1_28' title="bbox 263 2447 1792 2510; baseline -0.001 -11"><span class='ocrx_word' id='word_1_138' title='bbox 263 2449 624 2503; x_wconf 85' lang='lat' dir='ltr'>PLURIMOS</span> <span class='ocrx_word' id='word_1_139' title='bbox 690 2449 1076 2502; x_wconf 80' lang='lat' dir='ltr'>CUDENDOS</span> <span class='ocrx_word' id='word_1_140' title='bbox 1136 2447 1412 2500; x_wconf 86' lang='lat' dir='ltr'>AUREOS</span> <span class='ocrx_word' id='word_1_141' title='bbox 1441 2486 1457 2510; x_wconf 85' lang='lat'>,</span> <span class='ocrx_word' id='word_1_142' title='bbox 1523 2447 1792 2498; x_wconf 88' lang='lat' dir='ltr'>ARGEN-</span> 
     </span>
     <span class='ocr_line' id='line_1_29' title="bbox 1645 2531 1755 2580; baseline 0.009 -1"><span class='ocrx_word' id='word_1_143' title='bbox 1645 2531 1755 2580; x_wconf 92' lang='lat' dir='ltr'>TE-</span> 
     </span>
    </p>
   </div>
  </div>
 </body>
</html>
