2002 3073
680 257 935 305 STATUA
988 254 1281 306 VocALIS.
1651 279 1708 325 19

216 353 538 405 INFERIUS
569 353 919 403 ARCUATO
950 352 1170 402 OPERE
1214 352 1311 402 AD
1341 352 1603 405 TAGUM
1642 355 1748 406 US-

216 438 359 505 QUE
391 436 773 488 OCCULTAE
808 435 1397 487 CORRIVATIONES
1422 476 1435 499 ‚
1474 439 1749 489 SUBTER

216 521 498 589 QUIDEM
542 520 672 570 PER
704 520 1042 570 MILLIARE
1094 521 1181 570 ET
1212 521 1517 572 AMPLIUS
1550 523 1749 573 NAVI-

217 605 447 656 GABILI
478 604 566 654 ET
590 603 847 653 PENSILI
874 603 1071 653 URBE.
1111 605 1208 655 AD
1239 604 1591 656 SANCTUM
1622 608 1748 658 RO-

216 689 427 739 CHUM
478 687 728 737 DOMUS
770 687 1143 737 VIRGINUM
1191 688 1703 739 PAUPERIORUM
1732 729 1747 752 ,

215 773 332 824 UBI
374 770 830 841 JESUITARUM
870 771 1058 820 ERAT
1110 770 1448 822 PROFESSA
1478 772 1744 826 DOMUS.

213 857 290 907 IN
341 854 542 905 AGRO
597 854 1028 905 COTOVIENSI
1086 855 1502 905 COLLEGIUM
1553 856 1748 906 NOBI-

215 940 399 991 LIUM
428 937 1010 990 ADOLESCENTUM
1044 975 1058 998 ,
1092 939 1548 1005 JESUITARUM
1579 940 1747 991 IPSO-

213 1024 382 1074 RUM
426 1022 810 1072 TIROCINIO
853 1021 1366 1074 SUBROGATUM.
1431 1024 1509 1074 IN
1552 1025 1746 1075 FORO

215 1106 691 1157 DOMINICANO
743 1106 967 1156 CURIA
1012 1107 1190 1156 FIDEI
1221 1145 1236 1169 ‚
1280 1107 1488 1175 EIQUE
1517 1108 1750 1158 PROXI-

215 1191 323 1240 MA
373 1190 447 1239 IN
481 1189 703 1238 VALLE
741 1188 1228 1239 AMOENISSIMA
1276 1191 1571 1241 PUBLICA
1617 1192 1748 1243 AM-

215 1274 539 1324 BULATIO.
594 1273 673 1322 IN
704 1272 999 1333 PLATEA‚
1041 1271 1229 1340 QUAE
1259 1274 1598 1326 FORMOSA
1626 1276 1748 1325 AD-

214 1356 588 1406 PELLATUR
632 1394 646 1416 ‚
707 1356 802 1406 AD
863 1356 1228 1407 PALATIUM
1290 1358 1747 1409 MARCHIONIS

212 1437 716 1490 POMBALIENSIS
766 1439 1115 1490 SCALARIA
1173 1441 1599 1493 SUMPTUOSA
1659 1441 1749 1491 ET

213 1521 639 1582 MAGNIFICA,
672 1522 798 1571 PER
816 1521 1006 1589 QUAE
1031 1524 1128 1572 AD
1149 1524 1602 1575 SUPERIOREM
1633 1525 1748 1574 RE-

216 1605 499 1657 GIONEM
558 1604 1017 1654 EDITISSIMAM
1054 1645 1067 1667 ‚
1137 1606 1518 1658 FACILLIMA
1576 1607 1747 1658 GRA-

217 1690 434 1742 DUUM
466 1687 982 1737 RETRACTIONE
1013 1687 1187 1737 BIGIS
1219 1690 1443 1740 ETIAM
1473 1691 1747 1742 VECTUS

217 1771 646 1826 ADSCENDAT
679 1770 1025 1838 QUISPIAM.

356 1856 452 1906 AD
482 1855 666 1905 HAEC
704 1855 953 1905 URssEM
993 1854 1233 1905 ANTEA
1271 1857 1747 1908 CONFERTISSI—

218 1941 390 1991 MAM
454 1941 540 1988 ET
583 1939 1150 1989 CONFUSISSIMAM
1201 1939 1415 1991 NOVIS
1461 1940 1746 1991 ADDITIS

217 2025 417 2075 FORIS
464 2024 700 2074 PASSIM
746 2022 1245 2073 DISCRIMINAVI
1275 2061 1290 2083 ‚
1332 2022 1745 2088 INSULISQUE

217 2108 540 2159 DISTINXI.
581 2107 835 2157 FORUM
866 2106 1198 2156 BOARIUM
1227 2106 1451 2157 VETUS
1481 2144 1498 2168 ,
1538 2105 1745 2171 QUOD

218 2192 436 2242 HODIE
466 2191 789 2242 SANCTAE
819 2190 1064 2241 ANNAE
1097 2189 1398 2240 DICITUR
1430 2229 1444 2252 ‚
1487 2189 1746 2256 AEQUA-

218 2276 319 2324 TO
358 2275 536 2325 SOLO
581 2274 831 2324 LATIUS
879 2275 964 2323 ET
995 2273 1389 2324 PULCHRIUS
1430 2273 1742 2326 REDDIDI.

219 2358 474 2408 FORUM
505 2358 889 2409 PISCARIUM
928 2359 1015 2408 ET
1046 2356 1300 2407 FORUM
1330 2356 1745 2408 OLITORIUM

220 2441 298 2490 IN
358 2442 919 2492 COMMODIOREM
985 2429 1240 2492 LOCUM
1318 2439 1744 2492 TRANSTULI.

219 2523 433 2576 ORAM
457 2526 894 2577 MARITIMAM
911 2525 962 2577 N
967 2526 1150 2579 OBILI
1174 2523 1442 2577 LORICA
1464 2523 1552 2575 ET
1568 2524 1746 2575 MUL-

1618 2606 1711 2657 TI-
