1905 3083
576 189 1376 253 PRAEFATIO.

212 321 281 362 ac
332 298 791 360 celebratiffimus
841 293 1197 353 Latinorum
1251 293 1479 351 Vatum
1528 292 1731 361 Pater,

211 389 288 445 fic
315 405 417 462 per
453 384 710 442 Statuam
746 381 900 438 suam
932 379 1184 455 loquitur
1218 389 1275 437 et
1307 379 1605 455 gloriatur:

298 469 572 542 Accipite,
606 471 636 524 ὁ
669 468 856 531 Cives,
877 466 1020 541 senis
1052 465 1191 519 Enni
1220 462 1702 539 imagin'forimzm:

380 555 493 609 Hic
524 550 751 624 vestram
783 551 977 624 panxit
1007 551 1248 605 nmxz'ma
1269 546 1426 623 saffra
1458 548 1702 601 Parrum.

296 639 480 695 Nemo
514 655 596 692 me
629 637 905 692 lacrumeis
945 636 1183 700 decoret,
1216 650 1308 688 nec
1325 633 1522 706 funera
1545 629 1679 707 fletu

381 721 567 796 Facstt‘.
610 722 799 795 Qum?
832 719 1010 777 Volito
1045 717 1186 775 vivu'
1222 735 1314 790 per
1342 733 1434 773 ora
1468 713 1657 771 viriim.

354 805 472 863 His
504 807 750 863 breviter
773 806 1126 878 praenotatis
1159 822 1339 860 nemo
1363 804 1483 872 jam
1516 799 1736 857 mirabi-

214 901 338 957 tur,
385 891 570 948 multo
601 891 789 947 minus
817 907 956 946 vero
993 888 1324 953 damnabit,
1358 886 1517 961 quod
1549 883 1740 942 Maxi-

215 995 376 1033 mum
396 986 455 1034 et
472 974 784 1051 Optimum
803 971 1041 1048 Regem
1060 991 1244 1047 nuper
1262 969 1525 1046 Equestri
1542 968 1740 1026 Statua

214 1058 507 1118 Colossica
539 1069 808 1117 ornatum
841 1077 874 1115 a
896 1058 1113 1115 Senatu
1149 1066 1207 1113 et
1230 1055 1459 1129 Populo
1493 1053 1740 1127 Olisipo-

217 1144 380 1200 nenfi
412 1186 425 1208 ‚
474 1142 789 1200 Lusitanos
836 1150 893 1198 et
928 1140 1151 1215 quosvis
1197 1137 1336 1195 alios
1372 1136 1740 1211 Spedffitores

216 1247 320 1304 per
356 1227 617 1286 Statuam
664 1224 846 1303 ipsam
894 1224 1314 1298 adloquentem
1346 1223 1619 1278 inducam
1667 1221 1740 1277 de

220 1311 294 1369 Se
328 1330 395 1369 ac
427 1314 500 1369 de
537 1311 742 1368 Rebus
772 1308 891 1365 suis.
953 1307 1094 1383 Ipso
1131 1309 1288 1365 enim
1325 1308 1417 1361 die
1451 1347 1464 1370 ‚
1515 1323 1633 1378 quo
1681 1306 1742 1360 in

219 1395 667 1472 splendidiffima
695 1397 869 1453 totius
903 1390 1238 1451 Lufitaniae
1269 1388 1556 1464 Panegyri
1587 1389 1743 1446 dedi-

221 1491 354 1540 cata
399 1481 555 1555 apud
587 1480 849 1554 Regium
881 1477 1101 1533 Forum
1137 1473 1203 1530 N
1210 1473 1460 1549 egotiale
1508 1471 1592 1528 est
1626 1472 1742 1529 Sta-

220 1575 322 1622 tua
352 1565 500 1640 ipsa;
534 1563 654 1620 hoc
686 1560 770 1619 est
790 1603 802 1627 ,
836 1561 1048 1618 odtavo
1075 1558 1426 1626 IdusJunias
1456 1559 1596 1614 anni
1625 1575 1742 1612 ver-

221 1651 395 1707 tentis
412 1643 936 1705 MDCCLXXV.
964 1644 1119 1700 laeta
1149 1642 1488 1712 acjucunda
1513 1640 1658 1697 mihi
1684 1643 1744 1698 in

221 1742 488 1791 mentem
523 1731 687 1788 subiit
718 1730 1000 1804 cogitatio
1020 1770 1033 1794 ‚
1080 1729 1152 1784 de
1185 1726 1538 1784 celebrandis
1567 1725 1744 1801 publi-

224 1835 299 1875 co
337 1816 745 1875 Monumento
779 1812 1004 1886 aliquo,
1054 1820 1111 1868 et
1147 1813 1462 1869 memoriae
1497 1811 1744 1885 proden-

225 1903 309 1957 dis
331 1903 478 1958 tanti
499 1899 682 1973 Regis
701 1897 990 1971 Operibus
1007 1939 1020 1962 ,
1057 1895 1218 1971 supra
1242 1896 1474 1953 laudem
1499 1912 1742 1951 omnem

224 1984 556 2060 ingentibus
586 1993 760 2057 atque
794 1982 1153 2040 admirandis,

395 2067 484 2125 Ex
528 2070 694 2124 omni
742 2083 916 2140 porro
947 2064 1485 2123 Monumentorum
1529 2081 1744 2138 genere

225 2152 449 2212 nullum
484 2152 845 2209 succurrebat
877 2193 891 2218 ,
939 2151 1098 2225 quod
1131 2151 1223 2208 vel
1257 2147 1539 2225 praesenti
1569 2147 1745 2205 Dedi·

226 2239 447 2296 cationi
481 2235 618 2295 effet
651 2233 1036 2301 conformiuS‚
1069 2235 1161 2292 vel
1193 2232 1485 2292 occasioni
1520 2234 1591 2289 ad
1623 2231 1745 2288 scri-

226 2324 485 2379 bendum
536 2323 678 2380 inde
726 2329 899 2378 natae
948 2320 1435 2383 convenientius;
1485 2336 1658 2391 quam
1706 2314 1745 2370 fi

230 2427 332 2474 ea,
376 2426 526 2482 quae
556 2415 793 2485 propter
826 2405 989 2482 spatii
1021 2406 1359 2465 brevitatem
1393 2400 1621 2460 nonnisi
1654 2401 1746 2457 ad-

1583 2503 1704 2541 mo-
