2002 3073
316 242 372 274 10
716 218 993 286 JOSEPHI
1042 219 1347 271 MAGNAN.

271 319 531 388 QUANT
535 316 643 366 AM
683 316 1107 367 SUPERIORES
1153 316 1372 369 REGES
1416 316 1802 386 NUMQUAM

274 400 805 455 AEDIFICARANT
830 439 845 462 ‚
888 400 1326 452 COMPARAVI.
1379 401 1801 454 NAVIGATIO-

271 485 429 536 NEM
459 484 785 535 OMNIBUS
816 483 1040 534 MODIS
1073 484 1416 536 PROMOVI.

408 568 789 618 BRASILIAM
838 567 1053 618 MISSIS
1110 568 1199 618 EO
1263 568 1803 620 EXERCITATISSI-

269 653 390 704 MIS
421 651 641 702 COPIIS
670 651 1058 702 TUTIOREM
1095 652 1184 702 AB
1216 652 1663 704 EXTERORUM
1702 653 1802 705 IN-

269 734 747 786 CURSIONIBUS
777 734 1107 786 REDDIDI:
1147 736 1361 786 MISSIS
1391 736 1651 787 CIVIUM
1683 739 1802 788 CO-

268 819 504 869 LONIIS
537 818 635 868 AD
664 818 1077 868 CULTURAM
1107 819 1478 869 AGRORUM
1509 820 1803 871 INFLAM-

267 903 466 953 MAVI.
510 902 637 953 RES
666 902 958 953 ASIANAS
987 902 1190 952 NOVA
1221 903 1550 953 CIVILIUM
1583 904 1670 953 ET
1697 905 1803 953 MI-

265 986 630 1036 LITARIUM
676 985 1357 1036 ADMINISTRATIONE
1403 987 1803 1038 PRAESCRIP-

265 1069 364 1119 TA
396 1108 411 1131 ‚
455 1069 552 1120 AD
586 1069 966 1119 MELIOREM
1003 1069 1303 1119 STATUM
1340 1069 1619 1120 REDUXI.
1681 1071 1803 1119 AR-

266 1152 419 1202 CEM
476 1151 1026 1201 MAZAGAMICAM
1083 1150 1159 1200 IN
1218 1153 1477 1202 AFRICA
1511 1190 1525 1214 ‚
1582 1152 1803 1202 VITIO-

265 1234 436 1286 RUM
471 1235 782 1286 OMNIUM
819 1234 1194 1287 SENTINAM
1226 1257 1240 1298 3
1283 1236 1522 1287 MUTUI
1560 1236 1803 1304 ATQUE

265 1318 746 1370 INTERNECINI
809 1318 962 1369 ODII
1029 1319 1333 1369 GRAVEM
1398 1321 1690 1370 CAUSAM
1755 1323 1801 1371 A

264 1402 535 1453 MULTIS
564 1402 814 1452 RETRO
844 1402 1298 1455 TEMPORIBUS
1328 1402 1798 1465 EXISTENTEM3

264 1486 361 1536 AC
393 1485 709 1537 PROINDE
747 1487 1094 1537 IMPENSAE
1131 1485 1352 1536 MAGIS
1389 1485 1605 1550 QUAM
1636 1487 1803 1536 GLo-

265 1569 431 1619 RIAE
489 1570 619 1620 PER
664 1569 818 1619 DUO
861 1570 1178 1620 SAECULA
1223 1566 1800 1633 CONSERVATAM‚

265 1652 516 1702 ULTRO
572 1651 868 1702 PENITUS
926 1649 1196 1701 EVERTI.
1272 1649 1625 1701 PERCUSSO
1689 1653 1800 1703 DE-

264 1734 438 1785 INDE
467 1734 629 1784 CUM
664 1733 1168 1784 MAROCHIANIS
1197 1733 1512 1784 FOEDERE
1536 1772 1551 1797 ,
1595 1735 1799 1787 MARE

262 1817 308 1867 A
336 1816 834 1868 PRAEDONIBUS
865 1816 1133 1869 PACAVI.

450 1968 962 2043 TABULA
1046 1970 1610 2066 QUARTA.

263 2111 884 2171 COMMERCIUM
908 2113 1025 2170 ET
1057 2114 1223 2170 RES
1253 2112 1795 2172 NEGOTIALIS.

265 2249 796 2373 COMMERCIO
845 2321 1459 2373 ADMINISTRANDO
1523 2321 1795 2373 NOVUM

267 2402 685 2455 COLLEGIUM
756 2404 1349 2456 NEGOTIATORUM
1424 2404 1793 2455 PRAEFECI:

267 2485 754 2541 PROPAGANDO
783 2488 1224 2543 NEGOTIALES
1252 2487 1672 2540 SOCIETATES
1697 2487 1795 2538 IN.

1631 2570 1759 2620 STI-
