2002 3073
312 217 377 265 25
931 206 1151 257 NOTAE

397 310 585 353 Ceterum
609 319 704 362 quos
728 303 844 346 hodie
868 319 889 345 a
913 308 1164 346 Sancfiioribus
1187 306 1350 345 Arcanis
1376 303 1538 346 dicimus
1554 334 1565 355 ,
1603 306 1629 345 ii
1653 304 1718 346 sub
1744 323 1807 348 an-

275 372 393 427 tiquis
429 365 732 422 Imperatoribus
766 366 947 417 Magistri
977 367 1204 404 Scriniorum
1234 367 1430 404 Sacrorum
1469 363 1714 404 vocabantur.
1756 366 1807 407 Et

275 430 366 470 ficut
391 441 462 482 pro
487 423 728 479 quadruplici
753 422 879 463 Claffe
904 422 1170 476 Negotiorum
1192 452 1204 474 ,
1238 436 1334 476 quac
1358 421 1406 461 ad
1432 421 1648 475 Principem
1674 422 1808 464 refere-

275 488 439 537 bantur,
463 495 627 538 quatuor
652 492 761 522 eraut
785 479 1021 520 Scriuiorum
1044 494 1210 534 geuera3
1235 483 1404 533 (Scrinia
1422 483 1621 529 Palatina,
1644 491 1683 519 et
1710 484 1810 521 Scri-

276 549 337 585 azia
361 545 532 596 Augusta
553 552 666 580 vocat
691 539 942 593 Symmachus
966 537 1054 578 Lib.
1078 551 1114 578 x.
1141 538 1256 592 Epist.
1286 555 1348 592 34.
1373 551 1412 578 et
1439 540 1531 590 46.)
1565 539 1617 577 ita
1644 550 1810 592 quatuor

276 614 385 642 erant
410 598 590 654 Magistri
614 601 841 638 Scriuiorum
865 600 1062 637 Sacrorum
1086 611 1097 649 3
1132 611 1227 636 unus
1255 597 1302 635 ab
1328 595 1506 650 Epistulis
1531 626 1542 647 ,
1579 595 1675 635 alter
1697 611 1717 635 a
1744 596 1810 636 Li-

277 660 388 700 bellis
403 689 415 710 ,
451 658 586 698 tertius
613 671 633 696 a
657 655 850 696 Memoria
869 685 881 707 ,
917 665 1074 709 quartus
1098 670 1119 695 a
1143 654 1464 709 Dispolitionibus
1483 683 1493 701 ‚
1532 656 1596 707 qui
1621 666 1660 692 et
1685 657 1811 694 Comes

277 719 562 771 Disposttionmn
593 713 793 754 dicebatur
815 742 830 766 ,
865 711 1192 768 quemadmodum
1224 724 1263 753 et
1295 727 1426 753 eorum
1463 711 1597 766 singuli
1621 715 1812 766 Principes

277 778 517 816 Scriniorum.

399 832 463 873 De
489 832 546 870 his
570 844 662 870 vero
686 829 863 884 frequens
886 830 1052 869 occurrit
1076 830 1248 879 mentio,
1271 839 1352 868 tum
1377 828 1480 882 apud
1504 827 1719 882 Scriptores
1735 827 1812 869 Hi-

277 891 412 932 storiae
437 887 656 942 Augustae,
677 899 720 927 ut
744 886 846 942 apud
871 887 1115 941 Spartianum
1142 888 1181 926 in
1209 887 1322 927 Aelio
1346 888 1449 927 Vero
1473 901 1555 940 cap.
1584 890 1617 926 8.
1645 898 1684 925 et
1709 886 1811 940 apud

277 946 549 1002 Lampridium
577 946 616 985 in
645 944 865 986 Alexandro
890 945 1030 985 Severo
1058 960 1139 1000 cap.
1157 948 1218 985 26.
1250 944 1357 984 Tum
1382 946 1418 984 iu
1445 944 1597 985 Codice
1615 944 1721 995 juris
1742 945 1813 984 Ci-

279 1006 366 1046 vilis
389 1004 473 1045 Tit.
500 1007 560 1044 De
583 1005 787 1056 Mugifiris
812 1006 1010 1044 Sacrorum
1033 1006 1284 1054 scriniorum,
1306 1013 1345 1042 et
1368 1002 1452 1042 Tit.
1475 1006 1535 1043 De
1550 1005 1735 1042 Proximis
1748 1005 1814 1041 Sa-

280 1078 428 1104 crorum
453 1065 691 1103 Scrinioruuz.

404 1119 566 1161 Constat
587 1131 782 1173 praeterea
807 1117 1032 1172 ampliffimo
1058 1128 1096 1158 et
1123 1117 1416 1172 splendidissimo
1450 1117 1523 1156 hoc
1548 1117 1711 1157 Munere
1747 1118 1814 1158 sub

280 1174 488 1220 Antoninis
515 1175 665 1217 functos
688 1176 902 1231 Ulpianum
928 1186 968 1217 et
992 1175 1268 1229 Papinianum,
1293 1175 1389 1215 duos
1414 1176 1500 1215 illos
1525 1174 1729 1215 Romanae
1746 1176 1816 1226 Ju-

281 1235 557 1292 risprudcntiae
580 1235 799 1289 Principes,
827 1234 875 1274 ad
898 1233 1178 1289 Praefecluram
1203 1233 1359 1274 tandem
1385 1233 1571 1273 Praetorii
1596 1234 1690 1288 (qui
1714 1233 1817 1290 Dig-

282 1296 448 1335 nitatum
480 1294 654 1334 omnium
689 1307 785 1346 apex
821 1292 935 1344 erat)
969 1292 1057 1333 inde
1088 1292 1193 1332 fuiffe
1222 1291 1383 1332 eveROS.
1426 1292 1534 1346 Lege
1570 1290 1817 1344 Spartianum

283 1354 322 1392 in
348 1352 553 1393 Pescennio
578 1352 709 1405 Nigro
736 1365 818 1404 cap.
835 1367 870 1400 7.
902 1350 1172 1405 Lampridium
1198 1350 1236 1389 in
1252 1349 1472 1389 Alexandro
1486 1349 1627 1388 Severo
1652 1364 1733 1402 cap.
1751 1354 1815 1390 26.

285 1409 508 1450 Salmafium
545 1410 584 1449 in
608 1410 727 1451 Notis
762 1408 810 1448 ad
836 1408 1051 1463 Lampridii
1077 1406 1340 1448 Alexandrum
1366 1420 1447 1460 cap.
1478 1422 1540 1458 32.
1581 1404 1816 1448 Gutherium

282 1471 344 1509 De
370 1471 514 1519 Officiis
539 1471 683 1508 Domus
706 1470 916 1520 Augustae,
942 1467 1027 1506 Lib.
1044 1479 1091 1505 111.
1115 1479 1196 1518 cap.
1227 1481 1261 1517 3.

405 1526 528 1567 Versu
555 1529 617 1566 28.
642 1528 712 1564 Ubi
734 1539 822 1564 vero
844 1534 1023 1576 urgerent
1046 1523 1235 1575 negotia.)
1266 1520 1366 1560 Tale
1389 1521 1483 1574 quid
1513 1521 1561 1560 de
1589 1521 1818 1562 Maecenate

285 1583 461 1625 observat
486 1583 706 1624 Paterculus
728 1581 816 1620 Lib.
841 1592 875 1620 ΙΙ.
901 1595 983 1634 cap.
1014 1584 1077 1619 88.
1122 1582 1195 1618 Vir
1230 1580 1293 1618 ubi
1324 1593 1385 1617 res
1420 1581 1596 1631 vigiliam
1620 1583 1817 1632 exigeret,

272 1645 364 1693 fiziae
389 1645 575 1694 exsomnis.

407 1698 529 1740 Versu
557 1715 618 1751 32.
655 1701 709 1736 Et
747 1697 946 1734 immobilis
969 1694 1105 1746 fidei.)
1141 1693 1248 1734 Idem
1275 1694 1475 1747 epitheton
1501 1693 1658 1735 Statuae
1681 1696 1819 1736 Vitelii

285 1755 410 1795 Patris
435 1756 667 1808 adscriptum
692 1753 869 1792 discimus
893 1766 938 1792 ex
960 1752 1144 1791 Suetonio
1168 1754 1206 1791 in
1220 1752 1367 1792 Vitelio
1390 1766 1470 1806 cap.
1500 1769 1534 1806 3.
1562 1752 1818 1794 PIETATIS

289 1812 592 1853 IMMOBILIS
623 1810 781 1851 ERGA
813 1809 1139 1851 PRINCIPEM.

407 1873 444 1911 V
447 1870 528 1911 ersu
555 1887 617 1923 33.
655 1871 999 1921 Magift'rorumque
1024 1882 1047 1906 a
1072 1871 1199 1906 Sacris
1224 1871 1379 1907 Scriniis
1403 1869 1648 1921 Principem.)
1688 1869 1820 1924 Magi-

287 1927 350 1968 stri
375 1926 610 1968 Scriniorum
636 1927 838 1967 Sacrorum
861 1926 1044 1965 Intimum
1059 1924 1327 1965 Conlistorium
1344 1925 1596 1966 Ordinarium
1620 1925 1819 1967 constitue-

288 1986 382 2025 bant
406 1985 472 2025 sub
500 1985 752 2025 Caesaribus:
779 1983 880 2024 unde
903 1995 943 2023 et
966 1986 1123 2023 Comites
1147 1986 1399 2032 Consifioriani
1422 1995 1606 2023 vocantur
1632 1985 1670 2022 iu
1695 1984 1820 2024 Codi-

289 2044 343 2083 cis
370 2044 552 2096 peculiari
576 2042 727 2083 Titulo.
770 2041 1019 2096 Lampridius
1057 2042 1096 2080 in
1126 2041 1346 2081 Alexandro
1369 2041 1509 2082 Severo
1539 2055 1620 2094 cap.
1646 2056 1707 2094 31.
1741 2046 1820 2091 Post

289 2104 515 2141 meridianas
540 2103 652 2141 horas
666 2103 930 2154 subscriptioni
955 2111 991 2139 et
1016 2101 1160 2139 leffioni
1177 2103 1589 2152 Epistularuinfhmper
1613 2102 1715 2138 dedit
1739 2112 1821 2153 ope-

288 2173 374 2199 ram
397 2188 408 2210 ,
445 2163 503 2198 ita
527 2169 571 2198 ut
596 2162 642 2198 ab
664 2162 844 2211 Epistulis
868 2169 906 2197 et
933 2160 1091 2197 Libellis
1117 2168 1153 2197 et
1179 2173 1201 2196 a
1228 2160 1412 2197 Memoria
1426 2163 1575 2210 semper
1598 2159 1820 2206 adsisterent.

289 2216 397 2257 Hinc
432 2215 693 2270 designaturus
730 2217 848 2256 latine
873 2245 885 2267 ,
922 2229 1035 2270 quem
1070 2229 1138 2254 nos
1175 2216 1297 2270 patria
1324 2216 1455 2269 lingua
1489 2214 1608 2268 vulgo
1631 2214 1820 2267 dicimus,

289 2278 473 2315 Primeiro
498 2277 669 2322 Ministro
694 2278 737 2315 do
760 2277 940 2314 Gabinete
964 2287 975 2324 3
1009 2287 1085 2312 non
1116 2274 1238 2313 minus
1265 2268 1419 2327 proprie
1440 2302 1452 2323 ,
1486 2286 1599 2326 quam
1624 2272 1822 2325 eleganter

290 2332 521 2373 Primarium
546 2331 823 2373 Administrum
860 2331 965 2371 suum
988 2330 1211 2371 Secretioris
1237 2330 1455 2371 Confistorii
1479 2329 1568 2369 Rex
1598 2342 1710 2369 vocat
1734 2333 1822 2370 Ma-

289 2394 492 2442 gistrorum
530 2406 552 2430 a
585 2394 711 2430 Sacris
746 2393 903 2431 Scriniis
937 2391 1155 2441 Principem.
1197 2388 1308 2429 Talis
1332 2386 1553 2429 Alexandro
1578 2386 1718 2427 Severo
1747 2386 1822 2427 fuit

293 2447 513 2501 Ulpianus,
549 2448 596 2489 dc
623 2463 699 2503 quo
725 2447 847 2489 rursus
872 2445 1119 2501 Lampridius
1143 2447 1279 2486 eodem
1304 2447 1429 2500 capite
1455 2458 1463 2485 ε
1499 2446 1627 2497 Neque
1650 2460 1822 2497 umquam

282 2510 403 2557 solum
427 2522 669 2562 quemquam,
694 2509 762 2556 nisi
782 2506 1013 2552 Praefectum
1026 2508 1135 2557 stium
1159 2507 1256 2547 vidit
1276 2506 1516 2556 Alexander,
1541 2514 1578 2543 et
1601 2507 1746 2555 quidem
1759 2506 1823 2543 Ul-

1708 2563 1796 2613 pia-
