1905 3083
417 329 743 403 TABU
774 329 926 402 LA
1008 328 1445 403 PRIMA.

229 472 503 529 ORDO
562 471 966 529 RERUM
1018 472 1424 529 GESTAR
1448 471 1638 543 ΠΜ,

594 564 648 619 E
664 563 724 618 Τ
781 563 836 616 E
856 564 908 617 L
926 562 974 617 0
993 563 1051 617 G
1068 561 1105 615 1
1122 563 1287 618 UM

309 652 856 712 MARCHIONIS
904 650 1548 711 POMBALIENSIS.

171 848 486 970 ANNO
538 917 802 969 MDCCL.
856 917 1087 967 PRIDIE
1146 918 1515 971 CALENDAS
1573 921 1694 973 AU-

171 1002 380 1054 GUSTI
409 1041 423 1065 ‚
466 1001 619 1070 QUO
653 1002 764 1051 DIE
794 1001 979 1051 FATO
1013 1001 1403 1053 CONCESSIT
1435 1004 1654 1054 PATER
1678 1043 1693 1068 ‚

168 1085 591 1136 LUSITANUM
634 1084 947 1134 ADEPTUS
990 1084 1304 1136 REGNUM
1334 1125 1349 1148 ‚
1399 1087 1694 1138 PRIMUM

170 1166 476 1216 OMNIUM
521 1167 800 1234 QUIDEM
846 1166 934 1215 EO
979 1167 1283 1217 ANIMUM
1327 1169 1691 1220 ADPLICUI:

168 1250 269 1300 UT
299 1249 628 1317 DISJECTIS
658 1248 1158 1310 FACTIONIBUS,
1189 1249 1444 1317 QUIBUS
1474 1253 1694 1304 FOEDE

168 1331 578 1381 DISTRACTA
621 1333 861 1399 ATQUE
905 1332 1293 1382 DISCERPTA
1340 1334 1531 1383 ERAT
1574 1338 1694 1387 AU-

165 1412 527 1463 CTORITAS
559 1413 772 1464 REGIA
797 1453 810 1475 ,
849 1415 1317 1465 MAIESTATEM
1340 1417 1436 1466 AC
1465 1418 1694 1470 DIGNL

165 1495 416 1545 TATEM
446 1495 636 1544 REGII
666 1496 974 1546 NOMINIS
1005 1498 1080 1548 IN
1107 1499 1178 1548 SE
1208 1498 1692 1566 COLLIGEREM‚

122 1637 125 1640 ,
167 1579 255 1628 ET
299 1577 833 1644 QUODAMMODO
875 1580 1536 1634 REDINTEGRAREM:
1581 1586 1692 1636 DE-

165 1662 338 1712 INDE
382 1661 480 1711 UT
519 1661 764 1710 CLASSE
810 1661 898 1709 ET
928 1661 1279 1715 EXERCITU
1318 1666 1692 1720 COMPARA-

167 1744 267 1794 TO
299 1782 312 1805 ‚
382 1743 752 1811 QUANTUM
811 1744 898 1793 ET
956 1743 1253 1810 QUALEM
1308 1749 1691 1802 LUSITANIA

166 1828 218 1878 N
226 1827 551 1893 UMQUAM
582 1827 898 1878 VIDERAT
915 1865 928 1887 ‚
965 1826 1207 1877 OMNIA
1240 1828 1318 1880 IN
1349 1831 1551 1882 TUTO
1581 1833 1691 1883 PO-

166 1910 458 1960 NEREM:
507 1910 768 1961 DEINDE
813 1909 913 1960 UT
956 1910 1287 1960 INTERNO
1334 1913 1690 1966 EXTERNO-

166 1993 309 2061 QUE
353 1992 794 2043 COMMERCIO
837 1992 1166 2043 PUBLICAS
1211 1994 1299 2044 ET
1342 1996 1687 2048 PRIVATAS

165 2076 329 2128 OPES
360 2077 730 2127 AUGEREM:
763 2075 1078 2142 DENIQUE
1108 2077 1209 2125 UT
1237 2077 1687 2130 TEMPESTIVIS

165 2158 481 2220 LEGIBUS,
519 2158 948 2227 OPTIMISQUE
977 2158 1413 2221 DISCIPLINIS‚
1454 2161 1686 2212 RUDES

164 2241 254 2290 ET
287 2242 636 2292 AGRESTES
675 2242 912 2293 MORES
957 2242 1054 2292 AD
1093 2242 1555 2293 CIVILITATEM
1597 2245 1687 2295 ET

164 2324 541 2374 MELIOREM
585 2325 877 2374 FRUGEM
922 2325 1372 2375 REDUCEREM.
1451 2326 1527 2376 IN
1577 2327 1684 2378 HIS

165 2406 356 2456 VERO
399 2407 720 2458 OMNIBUS
762 2408 907 2458 SIVE
949 2408 1448 2460 DECERNENDIS
1478 2444 1492 2467 ‚
1537 2409 1685 2461 SIVE

165 2487 645 2554 ORDINANDIS,
682 2491 827 2543 SIVE
858 2492 1326 2560 EXEQUENDIS‚
1362 2492 1684 2544 ADMINIS-
