2002 3073
595 237 688 288 An
725 236 1038 288 TABULAM
1073 234 1399 304 QUINTAm.
1659 259 1718 310 33

234 349 385 375 morum
412 336 657 390 integritate,
681 348 896 391 quantaque
922 336 1106 390 religione
1129 336 1200 376 effe
1221 335 1411 388 debeant,
1437 335 1501 391 qui
1516 333 1605 388 Juri
1628 337 1760 379 dicun-

232 392 285 432 do
310 393 562 434 admoventur
589 409 608 433 a
624 393 823 448 Principe,
846 394 1040 448 insigniter
1065 393 1179 434 docet
1202 394 1358 448 sequens
1383 395 1488 435 locus
1513 394 1683 434 Suetonii
1710 396 1760 436 de

231 450 405 506 Augusto
427 466 508 505 cap.
528 466 589 504 35.
617 454 704 503 ‚Quo
731 463 855 492 autem
878 455 968 492 lecti
984 453 1213 504 probatique
1237 455 1446 504 religiosius
1464 456 1657 493 Senatoria
1682 468 1760 493 mu·-

230 523 320 548 nera
335 510 614 561 fingerentur,
662 513 769 549 anxit
784 539 796 561 7
828 521 871 549 ut
887 513 1105 562 priifiynam
1131 512 1329 558 consideret
1355 513 1533 562 quisque,
1558 513 1667 550 thure
1691 522 1759 551 auc

233 581 332 605 mero
344 569 578 619 supplicaret
600 570 698 619 apud
710 570 828 607 Aram
853 571 933 617 ejus
956 571 1040 618 clei,
1062 571 1098 606 in
1119 571 1224 618 cajus
1246 573 1382 621 templo
1403 572 1578 608 coiretur.
1609 567 1761 609 Eodem

231 623 383 662 consilio
412 624 508 663 illud
533 639 685 679 quoque
700 625 891 665 Romanis
917 625 1086 664 moribus
1110 625 1347 673 institutum,
1373 625 1476 680 quod
1503 624 1635 665 nostris
1659 627 1760 681 pari-

230 691 291 721 ter
315 694 510 736 receptum
536 682 586 722 est
612 697 623 734 3
656 694 698 722 ut
726 683 791 736 qui
825 685 863 721 in
889 681 1069 722 Senatum
1106 695 1333 737 optarentur
1354 713 1367 735 ,
1403 683 1530 737 palam
1559 682 1760 735 jurarent,

229 753 438 793 numquam
472 739 506 779 se
532 739 596 779 nifi
632 755 678 781 ex
701 739 853 795 Legum
882 740 1117 794 praescripto
1140 739 1365 781 sententiam
1392 740 1550 780 laturos.
1591 740 1760 782 Tacitus

230 797 369 837 Annal.
398 797 518 837 Libro
543 811 563 838 1.
592 812 673 852 cap.
693 814 755 849 74.
784 797 831 838 de
856 796 1019 838 Tiberio
1042 812 1183 853 agens:
1207 801 1270 838 Ad
1292 801 1389 851 qaod
1410 801 1551 847 exarstt
1574 802 1688 850 adeo,
1713 810 1758 840 ut

229 866 345 907 rupta
369 860 633 895 taciturnitate
649 860 907 908 proclamaret
921 886 931 906 ‚
952 858 988 903 fe
1012 872 1150 908 quoque
1174 859 1212 895 in
1236 871 1279 896 ea
1301 871 1406 896 caua
1429 860 1597 897 laturum
1610 860 1756 909 senten-

229 916 323 951 tiam
339 917 470 965 palam
484 943 496 965 ,
518 925 555 953 et
566 916 757 964 juratum.
788 914 991 954 Suetonius
1014 914 1061 954 de
1085 913 1222 954 eodem
1247 928 1328 968 cap.
1349 930 1410 967 34.
1436 917 1584 966 Siquem
1607 930 1758 955 reorum

229 973 328 1009 elabi
348 975 484 1022 gratia
508 987 634 1010 rumor
657 974 742 1023 cffi‘t
755 1003 767 1025 ‚
804 975 931 1012 abitas
955 975 1112 1022 aderat,
1135 975 1366 1024 Judicesque
1377 976 1520 1025 Legum
1543 983 1582 1012 et
1603 976 1759 1025 religio-

228 1031 286 1066 nis
310 1031 536 1068 admonebat.
560 1028 792 1080 Justinianus
815 1030 923 1085 Lege
953 1045 1012 1080 14.
1038 1028 1200 1070 Codicis
1223 1033 1285 1069 De
1306 1033 1499 1081 Judiciis:
1530 1032 1596 1070 Cui
1620 1045 1685 1069 non
1709 1033 1757 1079 est

228 1089 414 1136 cognitam
435 1115 446 1136 ‚
480 1091 652 1137 antiquos
676 1090 835 1137 Judices
870 1103 937 1127 non
959 1090 1076 1127 aliter
1103 1091 1324 1137 judicialem
1355 1092 1538 1128 calculum
1561 1090 1757 1141 accepiffi’,

227 1144 295 1190 nist
312 1147 422 1195 prius
435 1147 692 1194 juramentum
708 1147 1004 1197 praestitifient,
1038 1149 1175 1184 omnino
1188 1149 1230 1197 se
1254 1160 1334 1185 cum
1359 1149 1525 1187 veritate
1549 1157 1588 1185 ec
1613 1148 1756 1198 Legum

228 1202 477 1251 observatione
486 1204 677 1251 judicium
704 1206 947 1255 disposituros.

348 1258 470 1298 Versu
497 1262 559 1299 62.
599 1261 903 1313 Repetimdarzmt
928 1262 1024 1300 Reos
1038 1263 1260 1314 severiffi'me
1277 1261 1451 1314 punivi.)
1478 1260 1681 1302 Suetonius
1706 1260 1756 1302 de

218 1314 328 1367 Julio
350 1316 539 1367 Caesare,
570 1331 652 1372 cap.
679 1334 743 1372 43.
779 1322 857 1370 Jus
881 1321 1148 1371 laboriostffime
1171 1334 1214 1359 ac
1226 1322 1453 1371 severiffi‘me
1481 1322 1593 1360 dixit.
1635 1321 1756 1372 Repe-

227 1377 427 1412 tundaram
461 1378 644 1414 convictos
679 1380 792 1416 etiam
826 1380 952 1416 ordine
986 1380 1176 1417 Senatorio
1209 1380 1336 1417 movit.
1377 1377 1526 1431 Legem
1558 1392 1603 1417 ea
1640 1376 1688 1416 de
1715 1390 1756 1417 re

226 1429 368 1470 Caesar
391 1429 470 1483 ipse
494 1430 736 1483 instaur-avit,
761 1447 856 1487 quae
880 1435 926 1473 ab
951 1449 996 1474 eo
1022 1437 1136 1485 Julia
1158 1438 1219 1475 De
1232 1437 1463 1487 Repetandis
1487 1433 1640 1475 dicitur.
1673 1434 1754 1474 Pri-

224 1502 326 1527 mam
350 1489 453 1527 enim
477 1490 537 1529 De
560 1490 790 1542 Repe-tundis
812 1490 1022 1530 instituerat
1046 1492 1189 1532 Lucius
1216 1492 1301 1532 Piso
1325 1491 1468 1546 Frugi,
1502 1503 1545 1532 ut
1570 1506 1615 1532 ex
1639 1491 1755 1533 Cice-

226 1546 328 1584 ronis
352 1546 514 1585 Verrina
538 1558 586 1585 V1.
624 1557 663 1585 et
699 1547 819 1587 Libro
841 1551 901 1587 De
928 1550 1070 1598 Officiis
1094 1560 1141 1588 111.
1167 1549 1357 1590 discimus.
1398 1548 1475 1589 Sed
1498 1562 1538 1589 et
1561 1549 1669 1604 Lege
1691 1562 1753 1589 XII.

225 1600 465 1642 Tabularum
488 1603 698 1658 graviffime
724 1605 849 1657 puniri
874 1604 1004 1645 solitos
1021 1604 1182 1655 Judices
1206 1607 1431 1647 Arbitrosve
1456 1636 1469 1659 ‚
1507 1608 1573 1661 qui
1595 1607 1645 1647 ob
1671 1621 1753 1647 rem

224 1659 426 1700 dicendam
450 1661 651 1714 pecuniam
677 1662 901 1715 accepissent
914 1691 925 1712 ‚
947 1661 1120 1701 observat
1133 1662 1281 1703 Gellius
1298 1663 1386 1703 Lib.
1400 1676 1462 1703 XX.
1480 1678 1562 1718 cap.
1581 1679 1612 1704 1.
1637 1663 1754 1704 Lam-

224 1717 372 1771 pridius
398 1717 446 1757 de
471 1718 691 1758 Alexandro
716 1718 856 1759 Severo
882 1734 963 1773 cap.
994 1734 1052 1768 17.
1090 1721 1294 1766 Referebat
1317 1724 1517 1773 Encolpius
1541 1750 1553 1772 ‚
1589 1737 1658 1774 quo
1686 1726 1754 1762 ille

216 1777 507 1826 fizmiliariſjimo
531 1780 613 1828 tiliis
635 1779 682 1823 est
695 1806 706 1827 ,
731 1780 838 1817 illam
852 1779 892 1826 st
913 1790 1084 1828 umquam
1097 1777 1227 1823 farem
1241 1779 1417 1827 Judicem
1441 1781 1587 1828 vidiffiet
1601 1808 1614 1829 ‚
1632 1791 1754 1831 para-

224 1845 304 1872 tam
326 1836 483 1884 habuiffi.²
507 1837 693 1886 digitum,
718 1845 760 1873 ut
783 1838 844 1874 illi
870 1838 1011 1874 oculum
1036 1845 1207 1874 erueret:
1235 1845 1382 1874 tantum
1405 1837 1527 1874 odium
1551 1850 1632 1875 eum
1654 1846 1755 1875 tene-⁴

224 1894 291 1930 bat
315 1906 462 1941 eoram,
490 1895 534 1931 de
555 1895 688 1943 quibas
713 1894 811 1945 apud
822 1894 865 1942 se
879 1894 1081 1945 probatum
1107 1893 1218 1942 eff’t,
1243 1895 1339 1944 qaod
1351 1893 1464 1938 fitres
1478 1893 1644 1943 fitzffent.
1674 1895 1754 1932 Aa*

223 1952 283 1988 dit
306 1952 530 2001 Septimius,
567 1953 631 2001 qui
652 1953 772 1988 vitam
797 1952 875 2000 eJ'us
899 1965 966 1989 non
991 1952 1227 1989 mediocriter
1248 1960 1425 1989 executus
1448 1952 1524 2000 eft,
1558 1954 1658 1989 tanti
1683 1953 1752 1989 flo-

223 2009 343 2046 machi
365 2010 621 2046 Alexandrian
635 2008 747 2058 fuisti>
771 2011 808 2046 in
831 2022 890 2047 eos
912 2010 1068 2058 Judices
1092 2036 1104 2057 ,
1140 2010 1205 2059 qai
1229 2007 1431 2057 furtorum
1456 2008 1566 2053 fama
1591 2010 1754 2059 laboras<

213 2067 324 2115 sent,
347 2068 492 2114 etiamsi
513 2068 679 2104 damnati
703 2081 768 2105 non
794 2067 924 2116 effi¹nt3
948 2076 988 2105 ut
1006 2066 1044 2113 st
1067 2079 1126 2104 eos
1150 2066 1230 2113 cafic
1256 2068 1381 2116 aliquo
1403 2066 1577 2114 videret,
1601 2079 1752 2103 commo-

224 2126 321 2162 tione
347 2127 460 2162 animi
473 2125 652 2171 stomachi
674 2125 857 2163 choleram
880 2133 1063 2163 evomeret
1086 2150 1098 2173 ³
1134 2132 1211 2161 toto
1235 2125 1345 2161 vultu
1376 2123 1620 2171 inardcstente
1643 2151 1657 2174 ,
1694 2125 1752 2161 ita

223 2191 265 2218 nt
290 2183 384 2219 nihil
398 2183 514 2232 poſjet
537 2184 648 2231 loqui.

343 2238 464 2277 Versu
481 2241 501 2277 6
509 2255 542 2290 3.
559 2241 844 2291 Lar-gitionibus
869 2250 1062 2291 corruptos
1085 2241 1199 2277 etiam
1223 2239 1433 2289 ignominia,
1447 2239 1603 2289 notavi.)
1629 2236 1751 2277 Aliud

223 2293 273 2334 est
289 2307 433 2346 poena,
455 2294 559 2336 aliud
585 2300 794 2347 ignominia.
826 2296 931 2336 Nam
954 2310 1075 2350 poena
1101 2295 1163 2335 vel
1187 2293 1371 2334 damnum
1395 2296 1566 2349 irrogat,
1595 2305 1635 2334 et
1660 2305 1750 2334 tunc

223 2354 376 2405 proprie
401 2358 520 2392 multa
543 2352 708 2403 dicitur3
733 2353 792 2393 vcl
816 2353 989 2394 dolorem
1015 2353 1155 2403 infert,
1179 2363 1219 2392 ct
1245 2363 1335 2392 tunc
1361 2355 1751 2407 quoquefitpplicium

223 2408 446 2462 adpellatur.
479 2412 696 2465 Ignominia
719 2425 810 2451 vero
836 2412 999 2451 nominis
1022 2423 1171 2451 tantum
1194 2422 1286 2449 nota
1307 2410 1383 2460 est,
1420 2408 1523 2463 quod
1548 2409 1751 2450 honestatis

223 2481 361 2506 nomen
383 2467 521 2508 habere
545 2468 685 2508 desmat
713 2470 743 2508 is
770 2498 781 2519 ‚
817 2470 882 2523 qui
909 2470 1119 2523 ignominia
1143 2479 1310 2507 notatur.
1341 2466 1504 2507 Isidorus
1529 2470 1639 2519 Orig.
1661 2466 1749 2507 Lib.

222 2537 258 2564 v.
285 2539 366 2579 cap.
392 2541 455 2575 27.
481 2525 585 2568 Hinc
611 2526 768 2582 pulchre
792 2527 894 2584 apud
921 2527 1096 2625 NoniuIrp
1120 2526 1262 2568 Cicero
1287 2528 1347 2568 Dc
1366 2527 1572 2579 Republica
1595 2524 1682 2623 [Αὲ.
1699 2537 1749 2566 Ν.

1664 2597 1721 2623 en-
