2002 3073
324 213 349 261 3
725 208 999 274 JosEPm
1048 208 1347 260 MAGNAN.

283 304 562 357 SEPHUM
617 303 1083 355 FRANCISCUM
1131 306 1178 354 A
1222 304 1463 355 CRUCE
1508 305 1811 356 ALAGOA-

284 389 455 442 NUM
487 425 501 448 ‚
544 386 633 436 ET
675 387 824 455 EJUS
867 386 1211 437 FRATREM
1241 387 1677 454 JOACHIMUM
1718 391 1811 440 IG-

286 470 580 522 NATIUM
608 471 654 520 A
684 471 925 522 CRUCE
954 469 1470 524 SOVERALLIUM.

488 624 998 697 TABULA
1081 624 1603 697 TERTIA.

415 765 837 824 BELLJCA
894 767 1025 824 ΕΤ
1083 765 1684 824 MILITARIA.

288 903 643 1024 BELLUM
681 973 902 1024 SEMEL
939 974 1241 1025 OMNINO
1278 974 1459 1025 GESSI
1490 1013 1504 1035 ,
1548 974 1634 1023 ET
1665 974 1811 1039 QUI-

285 1056 440 1106 DEM
472 1056 950 1107 PROVOCATUS
974 1096 988 1119 ,
1025 1058 1234 1108 ANNO
1266 1057 1623 1107 MDCCLXII.
1658 1057 1812 1123 QUO

284 1139 363 1188 IN
393 1138 611 1187 BELLO
653 1139 870 1204 QUUM
902 1139 1279 1188 COLLECTO
1324 1140 1403 1188 EX
1447 1140 1812 1201 LUSITANIS

285 1221 375 1270 ET
418 1220 852 1270 FOEDERATIS
895 1221 1150 1271 ANGLIS
1200 1220 1575 1270 EXERCITUI
1628 1220 1813 1270 IMPE-

285 1302 648 1352 RATORE-M
686 1302 1188 1353 PRAEFECISSEM
1226 1303 1487 1354 SUMMO
1518 1303 1813 1352 IMPERIO

288 1383 630 1434 COMITEM
679 1385 1053 1435 LIPPENSEM
1083 1424 1098 1446 ‚
1163 1384 1492 1433 MILITARI
1544 1385 1813 1437 GLORIA

284 1466 363 1517 IN
431 1466 813 1518 GERMANIA
879 1466 1364 1517 CLARISSIMUM
1403 1488 1416 1525 3
1493 1465 1814 1518 TANTUM

285 1548 570 1616 QUIDEM
621 1550 747 1598 SUB
792 1549 939 1613 EIUS
994 1549 1247 1599 DUCTU
1295 1547 1638 1598 PROFECIT
1689 1549 1816 1600 DIU

284 1632 483 1682 ALIAS
520 1630 1089 1680 INEXERCITATUS
1128 1629 1329 1679 MILES
1360 1668 1373 1690 ,
1420 1631 1520 1680 UT
1550 1632 1814 1683 MAIORI

284 1714 556 1765 DAMNO
620 1713 903 1763 BELLUM
959 1713 1213 1762 FUERIT
1272 1712 1812 1777 INFERENTIBUS‚

284 1796 500 1863 QUAM
541 1794 1173 1846 PROPULSANTIBUS.
1231 1796 1495 1863 ITAQUE
1534 1796 1812 1846 DECIMO

285 1878 563 1938 MENSE,
628 1877 841 1943 QUAM
906 1877 985 1928 IN
1035 1878 1477 1930 LUSITANIAM
1541 1879 1813 1929 INVASE-

285 1958 494 2009 RANT
524 1996 539 2020 ‚
603 1960 839 2009 PACEM
906 1961 1179 2012 HISPANI
1242 1963 1329 2012 ΑΒ
1397 1963 1484 2011 EO
1549 1962 1810 2012 PETERE

287 2042 479 2092 SUNT
523 2042 768 2091 COACT
771 2043 792 2090 Ι
823 2078 837 2102 ‚
893 2042 1106 2108 QUAM
1148 2044 1396 2095 ULTRO
1440 2045 1811 2096 SUPERIORI

286 2124 498 2175 ANNO
528 2124 1027 2176 CONSTANTEM
1057 2126 1540 2178 ABRUPISSENT.

423 2206 646 2257 REBUS
692 2208 813 2258 ITA
855 2207 1274 2261 COMPOSITIS
1303 2250 1317 2274 ,
1376 2210 1564 2276 QUAE
1609 2210 1807 2259 PRAE-

288 2290 514 2340 CEPTA
577 2291 668 2340 DE
726 2291 818 2340 RE
882 2291 974 2342 AC
1024 2291 1414 2343 DISCIPLINA
1479 2292 1808 2343 MILITARI

279 2373 483 2438 JUSSU
522 2374 675 2423 MEO
708 2373 1292 2426 xCONSCRIPSERAT
1326 2373 1657 2424 LIPPENSIS
1686 2375 1805 2424 CO-

288 2455 424 2506 MES
453 2493 469 2519 ,
527 2455 613 2508 EA
655 2456 842 2508 TYPIS
884 2455 1249 2510 COMMISSA
1289 2456 1682 2508 OBSERVARI
1725 2456 1804 2508 IN

1626 2537 1769 2588 POS-
