2002 3073
293 226 355 292 38
907 215 1129 268 NOTAE

254 323 292 364 sa
315 353 327 374 ‚
360 323 399 362 in
422 317 595 360 maximis
620 314 859 357 Graecorum
881 315 1090 356 honoribus
1114 315 1289 355 habitum
1312 314 1383 354 effe
1410 311 1572 354 testatur.
1615 312 1719 354 Hinc
1744 315 1784 355 in

253 383 429 433 Prytanoi
452 377 559 417 usum
582 375 668 416 vasa
695 386 734 415 et
758 386 924 415 ceteram
947 373 1220 427 supellectilem
1246 372 1358 412 multi
1382 370 1588 411 donabant.
1613 370 1675 410 Ut
1689 371 1784 412 Pha-

254 437 392 479 nodius
417 436 480 475 ille
504 436 543 474 in
565 433 682 489 Sigeo
704 432 855 487 Lapide
879 430 1131 486 antiquiffimo
1168 430 1271 485 apud
1295 428 1509 471 Chisullum
1540 429 1579 468 in
1602 430 1786 483 Antiqui-

254 495 397 536 tatibus
422 492 596 535 Afiaticis
620 506 708 546 pag.
737 505 772 542 5.
808 493 1003 530 Craterem
1028 518 1040 541 ‚
1074 500 1112 530 et
1137 492 1300 529 crateris
1324 490 1456 538 Basia,
1493 498 1531 526 et
1552 490 1687 526 Colum.
1732 486 1786 526 Et

253 551 473 594 Farfernius
498 550 705 605 Rheginus
729 550 768 588 in
793 547 944 602 Lapide
968 547 1045 587 alio
1069 546 1171 602 apud
1183 546 1394 587 Gruterum
1419 557 1543 586 CLXIV.
1561 561 1596 595 7.
1620 547 1787 585 Yi·ztllasn

252 622 472 664 argenteam
496 612 734 661 anaglyptum
750 636 762 658 ‚
786 617 823 646 et
846 609 993 646 Pelvem
1017 620 1175 645 aeneam.

375 667 496 709 Versu
527 669 615 717 148.
641 669 684 705 In
710 667 873 717 Collegio
898 664 1095 713 Fabrum.)
1120 663 1195 702 Pro
1218 665 1446 703 Fabrornm:
1470 660 1633 715 syncope
1656 659 1787 714 passim

253 727 366 767 obvia
391 739 468 765 nou
490 723 611 764 solum
637 724 673 762 in
687 721 926 776 Lapidibus‚
949 720 1014 760 sed
1038 722 1153 761 etiam
1180 722 1218 760 in
1232 721 1393 774 Scriptis
1407 719 1634 769 Ciceronis,
1659 729 1698 758 et
1717 732 1787 773 op-

253 785 341 825 timi
365 785 546 837 cujusque
572 796 583 832 3
617 793 660 821 ut
673 783 906 832 sestertium,
939 793 1146 829 nummum,
1180 783 1387 830 talentum,
1424 791 1495 831 pro
1507 779 1787 826 sestertiorum,

253 856 481 882 wummorum
504 869 516 891 ,
552 844 790 879 talentorum.
834 836 977 876 Cicero
1001 837 1041 874 in
1065 836 1234 876 Oratore
1259 850 1341 889 cap.
1367 838 1431 886 46.
1454 837 1614 874 Fabrum
1636 846 1674 873 et
1698 837 1789 873 Pro-

254 916 336 940 σπῆι
361 903 474 939 audeo
498 900 643 949 dicere,
676 908 754 935 non
776 896 981 934 Fabrormn
1006 904 1044 932 et
1070 897 1277 934 Procorum.
1316 893 1459 933 Plinius
1483 904 1611 932 tamen
1635 891 1721 931 Lib.
1745 903 1782 931 X.

254 957 370 1011 Epist.
400 972 464 1008 42.
491 958 696 1009 Collegium
714 955 919 993 fabrorum
944 951 1071 992 dicere
1095 966 1173 992 non
1197 951 1391 992 dubitavit
1413 950 1461 990 ad
1472 949 1686 1003 Trajanum
1701 950 1788 990 scri-

253 1015 372 1068 bens,
395 1027 439 1054 ut
462 1025 501 1054 et
524 1013 665 1068 Paneg.
690 1026 772 1066 cap.
801 1026 864 1062 54.

375 1072 497 1113 Versu
527 1087 614 1122 152.
642 1072 828 1111 Cudendos
853 1082 984 1108 aureos
1000 1097 1011 1118 ‚
1036 1079 1256 1120 argenteos,
1281 1077 1318 1106 et
1341 1081 1469 1105 aereos
1494 1068 1695 1117 nummos.)
1726 1065 1788 1106 Sic

254 1146 372 1186 quum
409 1140 642 1170 terraemotu
679 1126 883 1181 prostratas
912 1125 1117 1165 duodecim
1139 1124 1249 1164 Afiae
1273 1125 1465 1164 Civitates
1486 1121 1668 1162 Tiberius
1690 1122 1791 1162 resti-

255 1188 417 1230 tuendas
444 1187 602 1227 curasset
627 1216 638 1237 ‚
675 1186 870 1226 Nummus
894 1183 1111 1237 publicatus
1134 1183 1185 1223 est
1219 1197 1306 1222 cum
1329 1181 1582 1235 Inscriptione
1609 1193 1617 1220 :
1653 1180 1790 1221 CIVI-

252 1245 501 1288 TATIBUS
524 1243 684 1284 ASIAE
708 1240 1062 1283 RESTITUTIS.
1094 1242 1233 1295 Neque
1256 1240 1377 1280 ullum
1402 1239 1479 1279 fere
1503 1238 1563 1278 vel
1584 1237 1722 1278 illustre
1735 1237 1790 1277 fa-

254 1308 362 1345 cinus
386 1303 551 1343 edebant
576 1301 748 1342 Romani
773 1301 1030 1355 Imperatores
1053 1329 1064 1350 ,
1099 1299 1160 1340 vel
1185 1298 1327 1352 insigne
1352 1297 1575 1338 beneficium
1606 1297 1644 1335 in
1668 1295 1791 1336 Rem-

255 1363 450 1417 publicam
476 1359 749 1410 conferebant3
794 1359 885 1414 quin
908 1359 1097 1412 percussils
1119 1356 1243 1397 statim
1266 1357 1460 1396 Nummus
1485 1355 1537 1393 rei
1562 1356 1790 1393 memoriam

256 1420 305 1460 ad
329 1419 496 1475 posteros
524 1418 811 1458 transmitteret.
840 1416 902 1456 Ut
927 1416 990 1455 ille
1014 1414 1174 1470 Augusti
1200 1428 1286 1452 cum
1311 1412 1587 1465 Inscriptiene:
1624 1411 1790 1452 CIVIB.

254 1477 342 1518 ET.
376 1477 519 1519 SIGN.
554 1475 732 1517 MILIT.
769 1475 819 1515 A.
841 1472 1100 1514 PARTHIS.
1126 1469 1345 1510 RESTIT.
1387 1470 1512 1521 Cujus
1536 1469 1688 1521 generis
1711 1483 1790 1508 am-

254 1537 361 1591 plam
388 1536 555 1590 segetem
581 1533 688 1574 dabit
714 1533 870 1572 Patinus
900 1531 1000 1569 iuter
1021 1528 1301 1570 Additamento.
1326 1526 1570 1566 Suetoniana.

377 1593 496 1634 Versu
537 1596 623 1632 160.
668 1594 764 1641 Ejus
799 1592 914 1628 etiam
951 1602 1098 1626 aeream
1122 1587 1297 1637 Effigiem
1330 1588 1487 1624 Stotztae
1522 1598 1622 1623 meae
1646 1585 1790 1624 Throno

256 1653 447 1704 insculpi.)
479 1650 610 1689 Maius
635 1647 817 1703 quiddam
850 1656 890 1685 et
912 1643 1221 1683 honorificentius
1244 1643 1316 1682 hoc
1341 1642 1418 1693 est,
1452 1655 1566 1695 quam
1598 1641 1700 1696 quod
1725 1641 1790 1681 Sa-

256 1710 412 1750 turnino
436 1706 636 1754 Secundo,
660 1704 792 1744 Intimi
819 1700 1036 1743 Consistorii
1061 1700 1296 1741 Administro
1322 1715 1342 1740 a
1368 1700 1586 1749 Memoria,
1614 1699 1791 1740 Statuam

256 1768 323 1807 sub
348 1780 441 1806 auro
465 1763 640 1804 constitui
657 1763 844 1815 juss'erunt
866 1759 1159 1801 Valentinianus
1181 1769 1221 1798 et
1245 1758 1388 1799 Valens
1412 1789 1424 1808 ,
1458 1757 1614 1812 insignia
1640 1758 1711 1797 viri
1750 1758 1790 1797 in

255 1825 293 1865 se
317 1825 409 1865 etin
422 1821 723 1876 Rempublicam
748 1819 883 1859 merita
910 1816 1012 1872 apud
1036 1817 1203 1871 posteros
1223 1816 1538 1857 commendaturi.
1570 1815 1789 1869 Inscriptio-

256 1898 345 1923 nem
360 1911 371 1933 ,
396 1881 518 1935 qualis
544 1879 698 1919 Rornae
722 1878 865 1932 legitur
880 1906 892 1928 ‚
915 1876 1028 1916 talem
1055 1876 1208 1915 exhibet
1230 1874 1440 1914 Gutherius
1462 1876 1523 1912 De
1549 1876 1690 1924 Officiis
1713 1876 1792 1912 Do-

257 1956 338 1979 mus
361 1941 552 1990 Augustae
576 1937 662 1976 Lib.
687 1949 733 1976 111.
763 1949 845 1988 cap.
874 1952 908 1988 3.
951 1933 1309 1974 SATURNINO.
1346 1931 1633 1972 SECUNDO.
1663 1932 1709 1971 V.
1738 1930 1788 1970 C.

257 1996 528 2037 PRAESIDI.
566 1992 933 2035 PROVINCIA&
972 1990 1348 2043 AQUITANIAE.
1374 1989 1599 2031 COMITI.
1624 1987 1790 2029 ORDI-

255 2054 359 2097 NIS.
383 2053 558 2093 PRIMI.
586 2051 785 2094 INTRA.
810 2048 1266 2091 CONSISTOR[UM.
1296 2046 1612 2089 MAGISTRO.
1628 2048 1675 2087 A.
1691 2045 1792 2086 ME·-

257 2111 464 2153 MORIA.
512 2109 597 2150 ET.
645 2107 974 2163 QUAESTOR.
1031 2106 1222 2148 PRAEF.
1271 2105 1623 2147 PRAETORIO.
1678 2104 1791 2144 ITE-

257 2170 406 2210 RUM.
432 2168 517 2209 OB.
540 2167 804 2208 EGREGIA.
828 2166 965 2219 EJUS.
993 2164 1065 2206 IN.
1089 2164 1524 2206 REMPUBLICAM.
1549 2162 1790 2202 MERITA.

256 2228 354 2268 DD.
380 2227 476 2268 NN.
502 2223 986 2267 VALENTINIANUS.
1017 2222 1091 2262 ET
1116 2222 1347 2263 VALENS.
1374 2219 1676 2262 VICTORES.
1699 2219 1790 2258 AC.

257 2283 777 2326 TRIUMPHATORES.
807 2281 1040 2323 SEMPER.
1065 2280 1331 2321 AUGUSTI.
1356 2277 1647 2320 STATUAM.
1674 2276 1793 2316 SUB.-

259 2343 440 2384 AURO.
466 2341 798 2383 CONSTITUI.
823 2338 1178 2391 LOCARIQUE.
1198 2335 1546 2390 JUSSERUNT.

381 2401 504 2442 Versu
534 2404 621 2440 168.
648 2403 810 2439 Clo-onte
836 2401 993 2438 Henrico
1020 2400 1175 2450 Joli’pho
1201 2398 1390 2436 Car-vallio
1415 2398 1457 2434 de
1471 2394 1616 2443 Asello.)
1648 2393 1792 2434 Notati

262 2460 416 2498 honoris
440 2474 534 2513 ergo
569 2459 606 2497 in
632 2458 794 2512 publicis
820 2457 1086 2496 Monumeutis
1111 2455 1243 2496 debuit
1270 2467 1408 2493 nomeu
1433 2451 1617 2491 clarissimi
1650 2466 1693 2491 ac
1723 2466 1792 2505 ge-

262 2517 469 2557 nerosissimi
484 2517 645 2570 Juvenis
659 2530 671 2569 3
695 2530 772 2569 quo
797 2514 903 2555 fimul
927 2513 1120 2566 Praeffle,
1144 2512 1379 2567 Impulsore7
1405 2522 1444 2551 ct
1468 2510 1660 2551 Curatore
1674 2539 1686 2561 ‚
1709 2521 1792 2547 tan-

1703 2578 1764 2606 tos
