2002 3073
302 235 363 273 12<
703 208 981 276 JosEPHI
1030 208 1330 259 MAGNAN.

258 311 382 361 MIS
411 307 587 360 AUXI.
622 305 1040 356 COMMERCII
1072 302 1448 354 PROVEHEN
1457 302 1527 353 DI
1559 303 1788 356 CAUSA

259 391 631 443 PORTORIA
672 389 992 440 IMMINUI.
1049 388 1399 438 COLLEGIO
1446 387 1788 437 NEGOTIA-

260 474 531 528 TORUM
599 472 964 523 PUBLICUM
1032 471 1294 522 LUDUM
1363 471 1789 522 ARITHMETI-

262 557 424 606 CUM
456 579 469 619 3
511 555 817 608 SENATUI
856 555 1157 606 URBANO
1191 555 1553 606 PUBLICUM
1588 553 1789 603 DEFO-

260 640 486 691 SITUM
516 638 843 690 ADNEXUI.

429 721 839 772 PRAETEREA
910 722 1269 775 OFFICINAS
1349 721 1791 773 BOMBYCINO-

261 805 430 858 RUM
461 843 475 868 ,
518 805 1046 856 LANIFICIORUM
1076 845 1091 868 ‚
1135 806 1517 857 LINEORUM
1543 845 1557 869 ‚
1603 805 1794 854 LEPO-

262 887 618 939 RINORUM
642 925 656 948 ‚
703 887 1142 940 VITREORUM
1171 928 1184 952 ‚
1227 888 1793 950 TESTACEORUM,

261 970 930 1022 FERRAMENTORUM
960 1009 976 1034 ‚
1040 971 1331 1022 MULTAS
1387 971 1748 1023 OLISIPQNE
1779 1010 1795 1033 ,

264 1052 536 1105 CAVEAE
566 1054 941 1121 JULIANAE,
979 1055 1488 1116 PORTALEGRII,
1525 1054 1795 1104 NABAN-

263 1138 427 1186 TIAE
460 1173 474 1197 ,
527 1136 861 1185 POMBALII
891 1172 906 1196 ‚
962 1136 1402 1186 ALCOBASSAE
1432 1174 1446 1197 ‚
1490 1136 1577 1184 ET
1614 1136 1797 1185 ALIBI

261 1218 671 1270 CONSTITUI.
758 1217 1175 1270 PEREGRINIS
1238 1218 1597 1269 MERCIBUS
1662 1218 1796 1266 MO-

263 1303 432 1354 DUM
462 1300 764 1352 IMPOSUI.
813 1301 990 1352 AURI
1019 1302 1262 1370 ATQUE
1292 1301 1797 1352 ADAMANTIUM

262 1386 545 1436 FODINIS
583 1423 597 1447 ‚
669 1385 1014 1436 EXTREMO
1066 1386 1312 1436 PATRIS
1364 1384 1796 1434 PRINCIPATU

263 1467 746 1520 EXACTIONUM
805 1469 1124 1518 SAEVITIA
1184 1468 1271 1518 ET
1324 1466 1797 1517 COLONORUM

265 1550 668 1603 DESERTION
675 1552 711 1600 E
735 1550 1016 1600 NIMIUM
1042 1549 1415 1616 QUANTUM
1432 1549 1673 1600 ATTEN
1680 1551 1798 1602 UA-

264 1636 374 1686 TIS
406 1673 420 1697 ,
467 1632 1080 1684 PRAESENTANEAM
1123 1631 1365 1698 ATQUE
1409 1633 1797 1686 EFFICACEM

267 1717 460 1766 OPEM
506 1717 687 1766 TULI.
757 1715 1114 1765 SACCHARI
1160 1716 1248 1764 ET
1279 1715 1589 1766 TAssACCI
1632 1719 1797 1769 TUM

267 1798 678 1849 CULTURAM
702 1836 716 1860 ,
759 1797 925 1848 TUM
954 1798 1581 1861 DISTRACTIONEM,
1624 1802 1798 1850 TEM-

264 1881 564 1932 PESTIVIS
629 1881 1129 1933 PROVIDENTIIS
1194 1881 1449 1931 MULTO
1500 1883 1797 1934 FACILIO-

266 1963 425 2014 REM
457 1964 551 2014 AC
581 1963 1231 2031 QUAESTUOSIOREM
1262 1965 1570 2016 REDDIDI.
1623 1967 1797 2018 LEGE

266 2049 360 2099 DE
392 2046 874 2098 ERADICANDIS
906 2048 1323 2099 CISTAGANIS
1354 2049 1661 2110 VINETIS,
1708 2051 1796 2100 ET

269 2130 554 2182 ALTERA
593 2130 682 2180 DE
712 2130 1063 2181 COLENDIS
1100 2132 1656 2183 TRANSTAGANIS
1685 2134 1797 2185 LA-

269 2213 628 2264 TIFUNDIIS
664 2253 681 2276 ‚
744 2212 901 2263 REM
963 2213 1553 2267 FRUMENTARIAM
1615 2217 1796 2266 MIRE

269 2297 617 2347 PROMOVI.

424 2381 549 2429 SED
593 2381 682 2430 ET
724 2380 1194 2433 URBANORUM
1246 2381 1340 2432 AC
1384 2381 1796 2433 PROVINCIA-

274 2461 456 2513 LIUM
491 2462 988 2531 QUAESTORUM
1025 2465 1218 2517 MALE
1255 2464 1477 2515 FIDAM
1507 2465 1795 2515 ADMINI-

1555 2547 1760 2598 STRA-
