2002 3073
310 221 373 273 32
918 200 1134 250 NOTA-E

463 353 692 398 NOTAE
733 354 824 396 AD
865 353 1210 397 TABULAM
1252 352 1605 407 QUINTAM.

405 471 498 512 Ersu
539 488 570 512 1.
617 474 781 525 Legibus
815 475 918 511 novis
955 474 1047 510 latis
1094 475 1331 523 exolescentia
1365 474 1616 522 antiquiorum
1648 473 1795 524 Regum

406 534 580 579 Instituta
605 534 778 570 revocavi
792 560 804 581 7
827 541 863 569 et
877 531 1070 581 fugientia
1083 532 1170 580 jam
1195 544 1241 569 ex
1259 531 1375 568 uos'lro
1401 532 1579 580 conspcc‘lu
1605 530 1795 570 beatorum

273 600 477 640 temporum
501 591 684 641 Exempla
714 589 894 627 imitanda
917 587 1100 638 proposui.
1142 586 1301 640 Sumpta
1336 587 1427 626 haec
1465 587 1593 625 omnia
1615 616 1627 637 ,
1665 589 1795 641 paucis

271 646 430 686 mutatis
445 675 456 696 ,
478 660 523 685 ex
541 646 746 698 Ancyrano
771 645 1053 694 Monumento‚
1078 644 1143 683 nbi
1167 645 1219 684 ita
1242 643 1416 697 profatur
1440 642 1656 698 Augustus:
1681 648 1795 698 Legi-

272 706 340 743 bus
378 708 482 742 novis
519 707 612 742 latis
644 706 810 754 exempla
840 704 1019 741 maiorum
1043 705 1279 753 exolescentia
1303 705 1477 741 revocavi
1503 731 1514 751 ‚
1551 713 1587 741 et
1601 703 1796 754 fugientia

261 765 348 812 jam
373 763 546 809 exnostro
571 763 751 812 conspeilu
776 762 968 798 avitarum
987 773 1118 799 rerum
1141 763 1306 812 exempla
1332 762 1513 799 imitanda
1529 763 1710 812 propofiti.
1735 761 1796 800 Ita

272 819 374 858 enim
402 819 697 871 pulcherrimum
723 817 847 855 locum
873 817 1013 869 partim
1049 830 1094 855 ex
1118 816 1191 856 fide
1221 816 1314 856 exesi
1338 817 1498 870 Lapidis
1525 845 1536 866 ,
1574 818 1714 871 partim
1750 832 1796 858 ex

272 876 488 928 conjefiura
511 875 670 927 syllabas
697 874 896 914 etlitteras
920 887 1075 923 omnes,
1099 887 1194 927 quae
1217 874 1499 928 superfuerant,
1524 873 1708 928 sagaciter
1731 890 1795 915 au-

271 934 426 987 cupanti
440 962 450 982 ,
481 932 640 972 restituit
663 930 889 971 dofflffimus
910 933 1193 982 Antiquitatum
1213 934 1463 981 Astaticarum
1486 932 1705 985 explorator
1717 932 1796 972 Ed-

271 989 435 1030 mundus
460 990 668 1031 Chisullus.

393 1047 513 1088 Versu
546 1063 603 1099 ις.
643 1051 792 1089 Luxum
804 1051 1040 1101 sponsalitiae
1052 1050 1297 1099 fitpellerfiilis
1322 1075 1333 1096 ‚
1367 1057 1404 1086 et
1429 1051 1577 1086 nimiam
1605 1063 1796 1088 coenarum

272 1110 467 1145 lautitiam
490 1111 525 1145 in
550 1108 706 1159 Nuptiis
731 1108 949 1156 coarctavi.)
987 1103 1250 1156 Sumptuarias
1273 1104 1400 1158 Leges
1424 1103 1715 1154 Romanorum,
1741 1118 1797 1146 at-

272 1178 346 1217 que
371 1165 407 1202 in
434 1163 490 1202 his
518 1163 699 1202 Fanniam
728 1173 767 1202 et
791 1162 1006 1211 Liciniam,
1030 1161 1237 1215 diligenter
1262 1161 1455 1215 percenset
1480 1160 1628 1201 Gellius
1653 1162 1740 1202 Lib.
1761 1176 1795 1203 11.

271 1235 355 1273 cap.
375 1236 436 1270 24.
470 1220 622 1275 Ncquis
648 1221 776 1273 itaque
800 1221 983 1269 miretur,
1005 1233 1052 1258 eo
1078 1233 1184 1258 curas
1211 1218 1291 1258 suas
1316 1219 1493 1259 demisisse
1517 1230 1667 1259 tantum
1693 1220 1798 1260 Prin-

273 1280 397 1330 cipem
413 1307 425 1328 ‚
460 1289 502 1317 ut
529 1278 607 1318 Rei
629 1278 747 1317 etiam
773 1277 978 1327 Cibariae,
1013 1277 1217 1317 vestiariae
1239 1306 1251 1328 ,
1285 1288 1323 1317 et
1349 1277 1613 1318 vehiculariae
1637 1277 1798 1318 modum

274 1334 579 1389 praescripserit3
603 1335 733 1375 audiat
748 1334 851 1389 -quid
874 1334 921 1374 de
937 1334 1046 1386 Julio
1071 1334 1234 1374 Caesare
1259 1335 1385 1374 tradat
1408 1334 1610 1373 Suetonius
1634 1350 1714 1388 cap.
1731 1350 1795 1389 43.

273 1396 508 1432 Lecticarnm
533 1397 631 1443 usum
647 1423 658 1445 ,
682 1397 770 1433 item
796 1395 1042 1444 conchyliatae
1065 1395 1195 1441 vestis,
1217 1402 1255 1430 et
1278 1395 1600 1443 margaritarum,
1629 1395 1698 1440 nili
1719 1409 1797 1433 cer-

275 1455 328 1490 tis
345 1453 510 1503 personis
535 1462 571 1491 et
596 1454 786 1491 aetatibus
808 1481 820 1501 ‚
847 1463 991 1503 perque
1015 1461 1133 1488 certos
1157 1451 1235 1487 dies
1260 1451 1407 1488 ademit.
1442 1451 1579 1500 Legem
1594 1454 1797 1502 praecipue

262 1511 540 1560 fitmptuariam
566 1513 758 1559 exercuit,
783 1510 962 1560 disposttis
987 1509 1087 1544 circa
1112 1509 1303 1544 macellum
1329 1508 1557 1556 custodibus,
1582 1509 1646 1557 qui
1659 1509 1798 1556 obfimia

274 1577 403 1604 contra
430 1571 590 1606 vetitum
615 1570 843 1616 retinerent,
868 1567 1178 1615 deportarentque
1200 1565 1247 1600 ad
1248 1565 1313 1612 st'3
1330 1564 1513 1613 fitbmiffl's
1535 1578 1798 1616 nonnumquam

273 1625 469 1663 littoribus
492 1635 604 1675 atque
628 1624 836 1671 militibus,
871 1624 934 1671 qui
949 1623 1059 1670 siqua
1083 1621 1238 1667 custodes
1253 1619 1466 1670 fifclliſji’nt
1490 1649 1502 1670 7
1526 1624 1611 1670 jam
1633 1625 1798 1674 adpostta

275 1696 294 1720 c
319 1683 483 1720 triclinio
508 1683 708 1727 aufarent.
752 1678 888 1718 Nihilo
911 1688 1039 1716 autem
1064 1677 1101 1715 in
1134 1677 1370 1729 privatorum
1397 1677 1557 1718 lautitiis
1580 1679 1797 1720 coercendis

275 1739 467 1792 segniores
493 1738 597 1776 fuiffe
623 1737 787 1790 reliquos
812 1734 1044 1784 Caesarum,
1068 1733 1187 1773 disces
1213 1748 1258 1773 ex
1281 1734 1351 1785 iis,
1377 1749 1472 1789 quae
1492 1735 1694 1777 Suetonius
1720 1737 1797 1791 ipse

275 1806 464 1835 memorat
486 1795 532 1833 de
556 1793 718 1833 Tiberio
742 1808 823 1847 cap.
842 1808 904 1845 34.
929 1804 967 1832 et
991 1792 1038 1831 de
1062 1791 1220 1831 Nerone
1244 1806 1324 1845 cap.
1355 1795 1413 1832 16.

395 1851 514 1893 Versu
542 1855 604 1902 46.
629 1855 806 1904 Suprema
819 1853 1015 1890 Praetoria
1039 1861 1075 1889 et
1090 1853 1286 1901 Supremas
1300 1853 1434 1889 Curias
1445 1853 1556 1903 fizepe
1569 1854 1720 1903 saepius
1743 1857 1795 1892 le-

273 1911 357 1964 gi.)
389 1910 590 1962 Proprium
615 1909 772 1948 verbum
797 1938 808 1959 ‚
847 1919 960 1961 atque
989 1922 1031 1947 ea
1062 1906 1216 1960 quidem
1241 1908 1278 1946 in
1305 1922 1343 1947 re
1364 1907 1513 1947 Latinis
1540 1909 1796 1963 Scriptoribus

277 1982 373 2022 pene
396 1967 548 2006 unicum
565 1995 577 2017 ,
601 1969 753 2018 Legere.
787 1965 1005 2006 Adhibetur
1028 1975 1152 2004 antem
1169 1993 1180 2015 ‚
1204 1966 1354 2019 quoties
1378 1981 1398 2005 e
1416 1966 1709 2020 Magistratuum
1735 1982 1797 2006 or-

276 2026 366 2065 dine
405 2025 443 2064 in
470 2037 774 2078 unamquamque
799 2024 962 2064 Curiam
991 2037 1054 2063 eos
1090 2022 1235 2077 adlegit
1261 2022 1439 2077 Princeps
1461 2053 1472 2073 ‚
1509 2038 1603 2077 quos
1629 2026 1795 2078 propriis

278 2083 497 2123 muneribus
522 2081 706 2121 obeundis
729 2082 891 2121 maxime
914 2081 1071 2121 idoneos
1090 2079 1238 2132 judicat
1263 2110 1274 2129 ‚
1308 2080 1476 2134 indignis
1500 2082 1559 2121 vel
1582 2083 1706 2121 minus
1731 2083 1796 2123 ha-

279 2141 418 2180 bilibus
444 2140 637 2179 submotis.
671 2138 759 2178 Hoc
783 2139 885 2179 sensu
910 2138 1099 2193 Augustus
1124 2139 1162 2177 iu
1174 2141 1379 2190 Ancyrano
1396 2139 1611 2179 Breviario:
1635 2138 1795 2180 SENA-

277 2198 423 2238 TUM.
449 2195 578 2236 TER.
604 2195 743 2237 LEGI.
787 2197 919 2237 Livius
943 2197 1028 2236 Lib.
1054 2209 1100 2236 XI.
1129 2210 1210 2249 cap.
1237 2211 1298 2247 51.
1336 2199 1503 2243 Censores
1517 2200 1629 2245 fideli
1654 2212 1795 2237 concor-

280 2259 343 2295 clia
369 2258 540 2294 Senatum
564 2259 746 2307 legerunt.
778 2254 998 2294 Paterculus
1021 2254 1107 2293 Lib.
1133 2267 1165 2293 11.
1190 2269 1270 2308 cap.
1298 2257 1359 2307 89.
1391 2258 1546 2294 Senatus
1561 2256 1639 2302 stne
1660 2257 1794 2305 asperi-

280 2324 385 2363 tate,
412 2328 473 2352 nec
489 2314 567 2361 stne
581 2316 789 2364 severitate
813 2317 941 2352 lectus.
972 2311 1173 2351 Suetonius
1196 2314 1234 2351 in
1259 2311 1430 2367 Angusto
1454 2326 1533 2364 cap.
1553 2326 1613 2364 35.
1649 2314 1795 2350 Senato-

279 2386 363 2409 rum
388 2373 607 2421 adfluentem
630 2385 817 2409 numerum
852 2373 901 2410 acl
923 2372 1063 2409 modum
1086 2372 1280 2422 pristinum
1316 2381 1350 2409 et
1366 2371 1596 2422 splendorem
1624 2371 1795 2421 redegit,

280 2431 421 2468 duabus
444 2430 668 2467 lectionibus.

398 2484 518 2535 Versu
545 2501 612 2541 49.
644 2487 725 2535 Nzst
758 2488 918 2540 integris
955 2488 1116 2526 moribus
1140 2515 1152 2539 7
1189 2497 1222 2525 ct
1253 2487 1422 2526 illibatae
1437 2484 1606 2536 simiae.)
1638 2484 1796 2536 Qianta.

1683 2555 1764 2581 mo-
