2002 3073
606 236 700 288 AD
737 237 1051 289 TABULAM
1087 235 1362 287 SEXTAM.
1657 255 1721 307 37

225 334 518 376 STATUAM.
544 333 692 377 PONI.
717 333 949 376 HABITU.
975 334 1161 375 CIVILI.
1187 335 1261 376 IN.
1276 331 1448 375 FORO.
1471 333 1604 379 DIVI.
1618 333 1757 379 TRA-

216 393 361 445 JANI.
387 392 653 434 PECUNIA.
677 392 934 433 PUBLICA.
958 391 1222 433 CENSUIT.

344 450 464 492 Versu
482 466 571 503 129.
597 454 770 490 Statuam
795 466 842 490 ex
855 466 941 490 aere
953 453 1172 502 Eqnes‘lrem
1192 453 1371 502 colofficae
1375 452 1552 504 formae.)
1575 452 1759 507 Antiquis

224 508 381 549 Statuae
412 520 520 548 erant
554 520 595 548 et
618 512 814 561 Equestres
846 518 885 548 et
909 512 1105 557 Pedestres.
1135 507 1200 548 De
1225 508 1468 563 Equestribus
1495 509 1638 550 Plinius
1670 509 1758 551 Lib.

223 579 350 607 xxxiv.
382 580 463 619 cap.
492 580 526 616 5.
561 570 764 619 Equestres
801 570 931 616 utique
962 570 1119 606 Statnae
1140 568 1345 606 Romanam
1381 569 1663 607 celebrationem
1695 571 1760 608 ha-

224 626 334 674 bent,
371 635 453 663 orto
469 625 549 671 fine
575 628 682 664 dnbio
707 640 728 664 a
753 627 910 663 Graecis
936 627 1110 675 exemplo.
1152 623 1216 664 De
1242 625 1414 679 utrisque
1438 623 1556 678 Lapis
1581 624 1760 677 Pisanus,

224 696 337 735 quem
359 683 527 736 egregiis
551 683 670 722 Notis
694 681 899 736 explicavit
922 681 1096 721 Norisius
1117 694 1125 720 :
1162 680 1354 722 SUPER.
1381 682 1610 722 ARGUM.
1635 682 1760 724 STA-

223 737 358 779 TUA.
396 738 711 780 PEDESTRIS.
748 738 930 778 IPSIUS.
956 737 1339 779 TRIUMPHALI.
1378 738 1642 780 ORNATU.
1672 740 1760 780 SU-

223 795 466 849 PERQUE.
504 796 637 837 EAM.
676 796 846 837 DUAE.
884 794 1229 849 EQUESTRES.
1264 795 1621 837 INAURATAE.
1648 798 1758 839 CAI.

223 853 310 894 ET.
336 854 487 895 LUCL
512 853 842 895 CAESARUM.
877 853 944 894 ST
947 852 1158 895 ATUAE.
1182 852 1523 895 PONANTUR.
1567 856 1687 907 Qiod
1709 856 1759 897 ad

225 915 398 963 Colqffeas
422 916 579 952 Statuas
614 912 763 952 adtinet
785 941 798 963 ,
832 912 1033 952 coloffeam
1068 911 1238 952 Neronis
1274 924 1463 952 memorat
1491 912 1634 953 Plinius
1671 913 1758 954 Lib.

222 982 350 1010 xxxlv.
376 984 458 1024 cap.
486 986 521 1017 7.
564 970 762 1010 coloffeam
798 969 1026 1024 Vespasiano
1060 969 1230 1009 oblatam
1255 969 1458 1010 Suetonius
1485 985 1565 1025 cap.
1590 987 1652 1025 23.
1693 972 1760 1012 De

223 1027 306 1067 aliis
331 1027 483 1082 insignis
506 1028 610 1067 locus
634 1027 684 1067 est
706 1028 808 1081 apud
834 1026 1102 1082 Lampridium
1126 1028 1165 1066 in
1188 1027 1410 1068 Alexandro
1433 1027 1573 1069 Severo
1596 1043 1677 1083 cap.
1694 1033 1758 1071 28.

223 1090 379 1125 Statuas
407 1089 553 1136 coloffits
576 1090 639 1125 vel
655 1089 846 1138 pedestres
870 1088 1012 1136 nudas,
1048 1089 1111 1125 vel
1133 1089 1344 1138 equestres,
1375 1089 1492 1126 Divis
1517 1091 1760 1140 Imperatori-

224 1146 291 1182 bns
326 1147 363 1181 in
392 1146 483 1183 Foro
508 1146 604 1183 Divi
627 1145 778 1183 Nervae
814 1147 954 1183 locavit
987 1145 1151 1182 omnibus
1189 1159 1270 1183 cnm
1305 1148 1435 1183 titulis
1459 1174 1471 1195 ,
1509 1156 1547 1184 et
1582 1149 1759 1185 columnis

222 1205 344 1241 aereis
359 1230 370 1250 ,
394 1217 487 1253 qnae
507 1204 691 1254 gestorum
714 1204 876 1241 ordinem
901 1205 1127 1240 continerent
1150 1205 1313 1254 exemplo
1331 1204 1501 1254 Augusti.
1533 1201 1758 1256 Spartianus

223 1273 375 1314 quoque
398 1261 437 1298 in
460 1258 577 1299 Aello
592 1261 695 1300 Vero
719 1274 800 1313 cap.
825 1276 860 1309 7.
887 1262 1044 1299 Statuas
1068 1261 1176 1298 Aelio
1201 1261 1293 1298 Vero
1312 1272 1387 1312 per
1409 1271 1529 1300 totum
1553 1263 1675 1300 orbem
1702 1276 1759 1301 co-

222 1320 329 1367 loffizs
355 1322 446 1369 poni
467 1320 578 1368 jnffit
610 1320 814 1357 Adrianus.
851 1316 1075 1371 Utrobique
1103 1319 1257 1368 Colffzs
1286 1317 1325 1356 in
1351 1318 1517 1372 antiquis
1542 1317 1759 1358 Codicibus

221 1374 302 1429 legi
337 1374 512 1414 observat
545 1389 707 1429 magnus
741 1374 975 1428 Salmasius,
1010 1389 1082 1430 pro
1106 1389 1183 1430 quo
1218 1374 1310 1416 alibi
1334 1377 1509 1427 Colff’as
1532 1403 1544 1427 ‚
1579 1375 1670 1416 alibi
1695 1379 1759 1416 Co-

222 1435 363 1485 lofflcas
386 1431 568 1472 offendas.

343 1490 465 1531 Versu
495 1505 583 1542 134.
620 1493 695 1530 Die
718 1494 840 1531 natali
862 1493 978 1543 meo.)
1012 1491 1167 1533 Natalis
1190 1491 1412 1547 Principum
1449 1492 1530 1534 dies
1553 1493 1647 1534 nulli
1680 1508 1759 1533 non

222 1550 331 1603 genti
356 1547 567 1587 celebratus
592 1548 717 1598 ludis,
748 1548 993 1602 spe&aeufis‚
1018 1551 1226 1599 conviviis,
1249 1550 1408 1605 aliisque
1434 1550 1603 1591 laetitiae
1626 1567 1669 1591 ac
1694 1567 1758 1592 ve-

223 1606 431 1646 nerationis
455 1604 568 1659 signis
594 1634 604 1655 ‚
639 1604 686 1644 de
713 1606 849 1658 quibus
872 1606 1052 1646 adcurate
1078 1607 1161 1661 agit
1185 1606 1419 1648 Censorinus
1449 1610 1488 1648 in
1513 1609 1667 1649 aureolo
1691 1608 1759 1649 Li-

224 1664 327 1704 bello
351 1667 412 1704 De
435 1666 510 1702 Die
533 1664 679 1702 Natali.
722 1662 843 1702 Porro
878 1663 1015 1702 natalis
1052 1663 1133 1703 dies
1161 1664 1349 1718 Principis
1385 1666 1648 1707 celebrabatur
1680 1680 1758 1706 non

224 1722 345 1761 solum
369 1723 494 1769 vitae,
517 1720 581 1761 sed
607 1722 724 1760 etiam
752 1721 925 1775 imperii,
951 1731 995 1760 ut
1018 1734 1064 1760 ex
1087 1720 1490 1775 SpartianiAdriano‚
1515 1736 1554 1763 et
1578 1739 1623 1764 ex
1637 1725 1760 1779 Capi-

225 1781 337 1819 tolini
365 1778 562 1819 Pertinace
587 1778 739 1818 constat.
771 1777 884 1819 Adde
900 1777 1223 1819 Constitutionem
1238 1778 1439 1831 Valentis,
1463 1779 1694 1833 Theodosii,
1717 1793 1759 1821 et

225 1837 384 1878 Arcadii
410 1839 446 1877 A
461 1837 560 1877 AA.
585 1850 647 1876 vu.
673 1837 723 1877 C.
736 1840 794 1876 De
811 1840 937 1876 Feriis.
969 1835 1020 1876 Et
1044 1836 1203 1877 alteram
1224 1836 1368 1877 Leonis
1392 1849 1431 1877 et
1457 1838 1681 1890 Anthemii,
1706 1838 1758 1880 C.

224 1894 289 1936 De
312 1894 447 1935 eodem
463 1924 474 1946 ‚
498 1895 562 1934 ubi
588 1897 783 1934 Certamen
809 1897 970 1947 Circense
994 1898 1030 1934 in
1054 1906 1178 1935 ortum
1201 1907 1269 1934 aut
1290 1899 1453 1935 natalem
1473 1899 1658 1950 Principis
1680 1911 1759 1937 me-

224 1965 407 1994 moratur.

346 2010 468 2051 Versu
498 2027 586 2062 142.
612 2014 787 2051 Dandum
811 2014 847 2050 in
861 2014 1038 2063 Prytaneo
1053 2011 1245 2064 Epulum.)
1269 2010 1322 2052 Et
1346 2011 1419 2051 hoe
1440 2025 1486 2051 ex
1509 2023 1678 2052 veterum
1703 2014 1759 2052 in-

225 2068 379 2120 stituto,
405 2069 627 2124 praesertim
651 2068 885 2116 Graecorum
899 2099 911 2119 ,
937 2070 1001 2124 qui
1021 2073 1243 2121 Prytanemn
1265 2069 1454 2109 vocabant
1478 2070 1582 2109 urbis
1605 2071 1731 2110 locum
1745 2101 1757 2122 ,

226 2127 430 2177 Consiliis,
453 2126 663 2181 Epulisque
687 2127 850 2182 publicis
875 2127 1126 2179 destinatum3
1163 2128 1201 2166 in
1225 2141 1338 2182 quem
1364 2126 1412 2166 ad
1437 2140 1595 2167 coenam
1620 2129 1757 2169 invita-

227 2199 266 2224 re
290 2185 459 2226 solebant
484 2185 656 2240 Legatos
681 2185 841 2239 Regum
864 2214 876 2236 ‚
910 2197 950 2226 et
973 2185 1157 2240 Hospites
1193 2185 1342 2240 quosvis
1378 2185 1644 2226 honoratiores
1670 2200 1682 2237 3
1715 2197 1757 2226 ct

225 2242 291 2282 ubi
327 2245 444 2283 etiam
482 2243 637 2297 publico
670 2242 823 2296 sumptu
859 2243 1057 2283 alebantur
1080 2243 1198 2284 Cives
1235 2242 1283 2283 de
1308 2242 1527 2297 Republica
1563 2243 1755 2298 praeclare

227 2302 364 2341 meriti.
406 2300 560 2341 Diserte
583 2300 623 2340 id
648 2315 716 2341 nos
739 2301 854 2341 docet
877 2299 994 2342 Titus
1019 2301 1152 2341 Livius
1187 2300 1274 2341 Lib.
1300 2313 1372 2341 XLI.
1397 2315 1478 2355 cap.
1509 2316 1571 2341 20.
1606 2302 1672 2341 ubi
1708 2301 1757 2342 de

227 2357 362 2398 Perseo
386 2358 648 2399 Macedonum
671 2358 788 2414 Rege
813 2373 930 2413 agens
952 2359 1045 2400 haee
1068 2360 1274 2399 memoriae
1287 2358 1442 2413 prodit:
1467 2361 1594 2410 Cyzici
1619 2362 1758 2411 inPry-

228 2427 375 2456 laneum
400 2446 412 2468 ,
447 2420 486 2457 id
510 2420 557 2466 cst
580 2447 592 2468 ,
620 2421 816 2470 penetrale
840 2419 969 2468 urbis,
1004 2420 1067 2458 ubi
1084 2420 1233 2470 publice
1253 2446 1264 2468 ‚
1300 2419 1433 2469 quibus
1459 2419 1492 2456 is
1515 2420 1620 2457 honos
1645 2420 1757 2458 datus

228 2477 275 2522 est
291 2503 302 2524 ,
328 2478 545 2526 vastantur,
569 2480 656 2526 vasta
681 2490 797 2514 aurea
821 2477 956 2524 mensae
979 2479 1086 2515 unius
1105 2478 1239 2528 pofitit.
1277 2475 1461 2515 Meminit
1487 2487 1526 2514 et
1549 2475 1693 2516 Cicero
1718 2477 1757 2515 in

228 2536 416 2583 Oratore,
441 2547 524 2587 cap.
553 2548 616 2585 54.
649 2533 711 2575 ubi
738 2534 775 2573 iu
800 2536 1018 2586 Prytanemn
1043 2532 1197 2573 admitti
1223 2547 1453 2589 quemquam
1476 2532 1649 2574 vescendi
1672 2547 1756 2573 eau-

1668 2591 1729 2642 sa,
